%YAML 1.1
%TAG !u! tag:unity3d.com,2011:
--- !u!1001 &100100000
Prefab:
  m_ObjectHideFlags: 1
  serializedVersion: 2
  m_Modification:
    m_TransformParent: {fileID: 0}
    m_Modifications: []
    m_RemovedComponents: []
  m_ParentPrefab: {fileID: 0}
  m_RootGameObject: {fileID: 1448903562130208}
  m_IsPrefabParent: 1
--- !u!1 &1108780428929482
GameObject:
  m_ObjectHideFlags: 0
  m_PrefabParentObject: {fileID: 0}
  m_PrefabInternal: {fileID: 100100000}
  serializedVersion: 5
  m_Component:
  - component: {fileID: 4403420223591260}
  - component: {fileID: 212947862983352542}
  - component: {fileID: 60037123148854564}
  m_Layer: 0
  m_Name: foot
  m_TagString: part
  m_Icon: {fileID: 0}
  m_NavMeshLayer: 0
  m_StaticEditorFlags: 0
  m_IsActive: 1
--- !u!1 &1154027076275338
GameObject:
  m_ObjectHideFlags: 0
  m_PrefabParentObject: {fileID: 0}
  m_PrefabInternal: {fileID: 100100000}
  serializedVersion: 5
  m_Component:
  - component: {fileID: 4089580886530574}
  - component: {fileID: 212442348663434534}
  - component: {fileID: 60860482765250228}
  m_Layer: 0
  m_Name: ear
  m_TagString: part
  m_Icon: {fileID: 0}
  m_NavMeshLayer: 0
  m_StaticEditorFlags: 0
  m_IsActive: 1
--- !u!1 &1166753947548594
GameObject:
  m_ObjectHideFlags: 0
  m_PrefabParentObject: {fileID: 0}
  m_PrefabInternal: {fileID: 100100000}
  serializedVersion: 5
  m_Component:
  - component: {fileID: 4871362842775848}
  - component: {fileID: 212789513187352100}
  - component: {fileID: 60371356740150232}
  m_Layer: 0
  m_Name: foot
  m_TagString: part
  m_Icon: {fileID: 0}
  m_NavMeshLayer: 0
  m_StaticEditorFlags: 0
  m_IsActive: 1
--- !u!1 &1196028527181740
GameObject:
  m_ObjectHideFlags: 0
  m_PrefabParentObject: {fileID: 0}
  m_PrefabInternal: {fileID: 100100000}
  serializedVersion: 5
  m_Component:
  - component: {fileID: 4421494903120634}
  - component: {fileID: 212382399489478848}
  - component: {fileID: 60927500645959222}
  m_Layer: 0
  m_Name: head
  m_TagString: part
  m_Icon: {fileID: 0}
  m_NavMeshLayer: 0
  m_StaticEditorFlags: 0
  m_IsActive: 1
--- !u!1 &1334804599060418
GameObject:
  m_ObjectHideFlags: 0
  m_PrefabParentObject: {fileID: 0}
  m_PrefabInternal: {fileID: 100100000}
  serializedVersion: 5
  m_Component:
  - component: {fileID: 4147280368284864}
  - component: {fileID: 212023740430781324}
  - component: {fileID: 60667746197815858}
  m_Layer: 0
  m_Name: ear
  m_TagString: part
  m_Icon: {fileID: 0}
  m_NavMeshLayer: 0
  m_StaticEditorFlags: 0
  m_IsActive: 1
--- !u!1 &1343666915030782
GameObject:
  m_ObjectHideFlags: 0
  m_PrefabParentObject: {fileID: 0}
  m_PrefabInternal: {fileID: 100100000}
  serializedVersion: 5
  m_Component:
  - component: {fileID: 4990150521927034}
  - component: {fileID: 60015019332094642}
  m_Layer: 0
  m_Name: arm
  m_TagString: Untagged
  m_Icon: {fileID: 0}
  m_NavMeshLayer: 0
  m_StaticEditorFlags: 0
  m_IsActive: 1
--- !u!1 &1404152127442412
GameObject:
  m_ObjectHideFlags: 0
  m_PrefabParentObject: {fileID: 0}
  m_PrefabInternal: {fileID: 100100000}
  serializedVersion: 5
  m_Component:
  - component: {fileID: 4350410528273414}
  - component: {fileID: 212064893686143404}
  - component: {fileID: 60669317456347816}
  m_Layer: 0
  m_Name: body (2)
  m_TagString: part
  m_Icon: {fileID: 0}
  m_NavMeshLayer: 0
  m_StaticEditorFlags: 0
  m_IsActive: 1
--- !u!1 &1448903562130208
GameObject:
  m_ObjectHideFlags: 0
  m_PrefabParentObject: {fileID: 0}
  m_PrefabInternal: {fileID: 100100000}
  serializedVersion: 5
  m_Component:
  - component: {fileID: 4491440678305916}
  m_Layer: 0
  m_Name: Dog
  m_TagString: Untagged
  m_Icon: {fileID: 0}
  m_NavMeshLayer: 0
  m_StaticEditorFlags: 0
  m_IsActive: 1
--- !u!1 &1489753981593320
GameObject:
  m_ObjectHideFlags: 0
  m_PrefabParentObject: {fileID: 0}
  m_PrefabInternal: {fileID: 100100000}
  serializedVersion: 5
  m_Component:
  - component: {fileID: 4710254560208116}
  - component: {fileID: 212670504657832846}
  m_Layer: 0
  m_Name: nose
  m_TagString: Untagged
  m_Icon: {fileID: 0}
  m_NavMeshLayer: 0
  m_StaticEditorFlags: 0
  m_IsActive: 1
--- !u!1 &1519216279940590
GameObject:
  m_ObjectHideFlags: 0
  m_PrefabParentObject: {fileID: 0}
  m_PrefabInternal: {fileID: 100100000}
  serializedVersion: 5
  m_Component:
  - component: {fileID: 4390168780733344}
  - component: {fileID: 212561398092969250}
  - component: {fileID: 60804534021049298}
  m_Layer: 0
  m_Name: body (1)
  m_TagString: part
  m_Icon: {fileID: 0}
  m_NavMeshLayer: 0
  m_StaticEditorFlags: 0
  m_IsActive: 1
--- !u!1 &1536447396719210
GameObject:
  m_ObjectHideFlags: 0
  m_PrefabParentObject: {fileID: 0}
  m_PrefabInternal: {fileID: 100100000}
  serializedVersion: 5
  m_Component:
  - component: {fileID: 4275261837025020}
  - component: {fileID: 212261234155323372}
  - component: {fileID: 60219111846791272}
  m_Layer: 0
  m_Name: body
  m_TagString: part
  m_Icon: {fileID: 0}
  m_NavMeshLayer: 0
  m_StaticEditorFlags: 0
  m_IsActive: 1
--- !u!1 &1649033098668684
GameObject:
  m_ObjectHideFlags: 0
  m_PrefabParentObject: {fileID: 0}
  m_PrefabInternal: {fileID: 100100000}
  serializedVersion: 5
  m_Component:
  - component: {fileID: 4351526766165860}
  - component: {fileID: 212966601063163900}
  m_Layer: 0
  m_Name: eye
  m_TagString: Untagged
  m_Icon: {fileID: 0}
  m_NavMeshLayer: 0
  m_StaticEditorFlags: 0
  m_IsActive: 1
--- !u!1 &1853590394386536
GameObject:
  m_ObjectHideFlags: 0
  m_PrefabParentObject: {fileID: 0}
  m_PrefabInternal: {fileID: 100100000}
  serializedVersion: 5
  m_Component:
  - component: {fileID: 4364751317040346}
  - component: {fileID: 212558569367967488}
  m_Layer: 0
  m_Name: eye
  m_TagString: Untagged
  m_Icon: {fileID: 0}
  m_NavMeshLayer: 0
  m_StaticEditorFlags: 0
  m_IsActive: 1
--- !u!1 &1866064937434028
GameObject:
  m_ObjectHideFlags: 0
  m_PrefabParentObject: {fileID: 0}
  m_PrefabInternal: {fileID: 100100000}
  serializedVersion: 5
  m_Component:
  - component: {fileID: 4508521776459260}
  - component: {fileID: 212514070563142616}
  - component: {fileID: 60330718090283046}
  m_Layer: 0
  m_Name: nose (1)
  m_TagString: part
  m_Icon: {fileID: 0}
  m_NavMeshLayer: 0
  m_StaticEditorFlags: 0
  m_IsActive: 1
--- !u!1 &1893136841044972
GameObject:
  m_ObjectHideFlags: 0
  m_PrefabParentObject: {fileID: 0}
  m_PrefabInternal: {fileID: 100100000}
  serializedVersion: 5
  m_Component:
  - component: {fileID: 4046653511411704}
  - component: {fileID: 212566317482553110}
  m_Layer: 0
  m_Name: eye
  m_TagString: Untagged
  m_Icon: {fileID: 0}
  m_NavMeshLayer: 0
  m_StaticEditorFlags: 0
  m_IsActive: 1
--- !u!1 &1991478396649392
GameObject:
  m_ObjectHideFlags: 0
  m_PrefabParentObject: {fileID: 0}
  m_PrefabInternal: {fileID: 100100000}
  serializedVersion: 5
  m_Component:
  - component: {fileID: 4283435113457618}
  - component: {fileID: 212817918067427148}
  - component: {fileID: 60126416866008378}
  m_Layer: 0
  m_Name: arm
  m_TagString: part
  m_Icon: {fileID: 0}
  m_NavMeshLayer: 0
  m_StaticEditorFlags: 0
  m_IsActive: 1
--- !u!4 &4046653511411704
Transform:
  m_ObjectHideFlags: 1
  m_PrefabParentObject: {fileID: 0}
  m_PrefabInternal: {fileID: 100100000}
  m_GameObject: {fileID: 1893136841044972}
  m_LocalRotation: {x: -0, y: -0, z: -0, w: 1}
  m_LocalPosition: {x: 0, y: 1.0826001, z: 0}
  m_LocalScale: {x: 0.29294524, y: 0.29294524, z: 1.2206051}
  m_Children: []
  m_Father: {fileID: 4491440678305916}
  m_RootOrder: 2
  m_LocalEulerAnglesHint: {x: 0, y: 0, z: 0}
--- !u!4 &4089580886530574
Transform:
  m_ObjectHideFlags: 1
  m_PrefabParentObject: {fileID: 0}
  m_PrefabInternal: {fileID: 100100000}
  m_GameObject: {fileID: 1154027076275338}
  m_LocalRotation: {x: -0, y: -0, z: -0, w: 1}
  m_LocalPosition: {x: 0.68, y: 1.0170001, z: 0}
  m_LocalScale: {x: 0.24, y: 0.25430417, z: 1}
  m_Children: []
  m_Father: {fileID: 4491440678305916}
  m_RootOrder: 6
  m_LocalEulerAnglesHint: {x: 0, y: 0, z: 0}
--- !u!4 &4147280368284864
Transform:
  m_ObjectHideFlags: 1
  m_PrefabParentObject: {fileID: 0}
  m_PrefabInternal: {fileID: 100100000}
  m_GameObject: {fileID: 1334804599060418}
  m_LocalRotation: {x: -0, y: -0, z: -0, w: 1}
  m_LocalPosition: {x: -0.727, y: 0.97720015, z: 0}
  m_LocalScale: {x: 0.24, y: 0.27218437, z: 1}
  m_Children: []
  m_Father: {fileID: 4491440678305916}
  m_RootOrder: 5
  m_LocalEulerAnglesHint: {x: 0, y: 0, z: 0}
--- !u!4 &4275261837025020
Transform:
  m_ObjectHideFlags: 1
  m_PrefabParentObject: {fileID: 0}
  m_PrefabInternal: {fileID: 100100000}
  m_GameObject: {fileID: 1536447396719210}
  m_LocalRotation: {x: -0, y: -0, z: -0, w: 1}
  m_LocalPosition: {x: 0, y: -0.44399992, z: 0}
  m_LocalScale: {x: 0.24, y: 0.24, z: 0.23683065}
  m_Children: []
  m_Father: {fileID: 4491440678305916}
  m_RootOrder: 0
  m_LocalEulerAnglesHint: {x: 0, y: 0, z: 0}
--- !u!4 &4283435113457618
Transform:
  m_ObjectHideFlags: 1
  m_PrefabParentObject: {fileID: 0}
  m_PrefabInternal: {fileID: 100100000}
  m_GameObject: {fileID: 1991478396649392}
  m_LocalRotation: {x: -0, y: -0, z: -0, w: 1}
  m_LocalPosition: {x: 0.014, y: -0.4299999, z: 0}
  m_LocalScale: {x: 0.24, y: 0.24, z: 1}
  m_Children: []
  m_Father: {fileID: 4491440678305916}
  m_RootOrder: 3
  m_LocalEulerAnglesHint: {x: 0, y: 0, z: 0}
--- !u!4 &4350410528273414
Transform:
  m_ObjectHideFlags: 1
  m_PrefabParentObject: {fileID: 0}
  m_PrefabInternal: {fileID: 100100000}
  m_GameObject: {fileID: 1404152127442412}
  m_LocalRotation: {x: -0, y: -0, z: -0, w: 1}
  m_LocalPosition: {x: 0, y: -0.035999894, z: 0}
  m_LocalScale: {x: 0.23999998, y: 0.23999998, z: 0.23683}
  m_Children: []
  m_Father: {fileID: 4491440678305916}
  m_RootOrder: 11
  m_LocalEulerAnglesHint: {x: 0, y: 0, z: 0}
--- !u!4 &4351526766165860
Transform:
  m_ObjectHideFlags: 1
  m_PrefabParentObject: {fileID: 0}
  m_PrefabInternal: {fileID: 100100000}
  m_GameObject: {fileID: 1649033098668684}
  m_LocalRotation: {x: -0, y: -0, z: -0, w: 1}
  m_LocalPosition: {x: 0.48, y: -0.06, z: 0}
  m_LocalScale: {x: 0.9999999, y: 0.9999999, z: 1.0000005}
  m_Children: []
  m_Father: {fileID: 4491440678305916}
  m_RootOrder: 14
  m_LocalEulerAnglesHint: {x: 0, y: 0, z: 0}
--- !u!4 &4364751317040346
Transform:
  m_ObjectHideFlags: 1
  m_PrefabParentObject: {fileID: 0}
  m_PrefabInternal: {fileID: 100100000}
  m_GameObject: {fileID: 1853590394386536}
  m_LocalRotation: {x: 0, y: 0, z: 0, w: 1}
  m_LocalPosition: {x: 0, y: 1.84, z: 0}
  m_LocalScale: {x: 1, y: 1, z: 1}
  m_Children: []
  m_Father: {fileID: 4491440678305916}
  m_RootOrder: 13
  m_LocalEulerAnglesHint: {x: 0, y: 0, z: 0}
--- !u!4 &4390168780733344
Transform:
  m_ObjectHideFlags: 1
  m_PrefabParentObject: {fileID: 0}
  m_PrefabInternal: {fileID: 100100000}
  m_GameObject: {fileID: 1519216279940590}
  m_LocalRotation: {x: -0, y: -0, z: -0, w: 1}
  m_LocalPosition: {x: 0, y: 0.23700014, z: 0}
  m_LocalScale: {x: 0.23999998, y: 0.23999998, z: 0.23683}
  m_Children: []
  m_Father: {fileID: 4491440678305916}
  m_RootOrder: 10
  m_LocalEulerAnglesHint: {x: 0, y: 0, z: 0}
--- !u!4 &4403420223591260
Transform:
  m_ObjectHideFlags: 1
  m_PrefabParentObject: {fileID: 0}
  m_PrefabInternal: {fileID: 100100000}
  m_GameObject: {fileID: 1108780428929482}
  m_LocalRotation: {x: -0, y: -0, z: -0, w: 1}
  m_LocalPosition: {x: 0.934, y: -0.6429999, z: 0}
  m_LocalScale: {x: 0.24, y: 0.24, z: 1}
  m_Children: []
  m_Father: {fileID: 4491440678305916}
  m_RootOrder: 9
  m_LocalEulerAnglesHint: {x: 0, y: 0, z: 0}
--- !u!4 &4421494903120634
Transform:
  m_ObjectHideFlags: 1
  m_PrefabParentObject: {fileID: 0}
  m_PrefabInternal: {fileID: 100100000}
  m_GameObject: {fileID: 1196028527181740}
  m_LocalRotation: {x: -0, y: -0, z: -0, w: 1}
  m_LocalPosition: {x: -0.019, y: 1.0360003, z: 0}
  m_LocalScale: {x: 0.24, y: 0.24, z: 1}
  m_Children: []
  m_Father: {fileID: 4491440678305916}
  m_RootOrder: 4
  m_LocalEulerAnglesHint: {x: 0, y: 0, z: 0}
--- !u!4 &4491440678305916
Transform:
  m_ObjectHideFlags: 1
  m_PrefabParentObject: {fileID: 0}
  m_PrefabInternal: {fileID: 100100000}
  m_GameObject: {fileID: 1448903562130208}
  m_LocalRotation: {x: -0, y: -0, z: -0, w: 1}
  m_LocalPosition: {x: -0.5, y: 1.55, z: 0}
  m_LocalScale: {x: 1.4, y: 1.4, z: 1.6028991}
  m_Children:
  - {fileID: 4275261837025020}
  - {fileID: 4990150521927034}
  - {fileID: 4046653511411704}
  - {fileID: 4283435113457618}
  - {fileID: 4421494903120634}
  - {fileID: 4147280368284864}
  - {fileID: 4089580886530574}
  - {fileID: 4710254560208116}
  - {fileID: 4871362842775848}
  - {fileID: 4403420223591260}
  - {fileID: 4390168780733344}
  - {fileID: 4350410528273414}
  - {fileID: 4508521776459260}
  - {fileID: 4364751317040346}
  - {fileID: 4351526766165860}
  m_Father: {fileID: 0}
  m_RootOrder: 0
  m_LocalEulerAnglesHint: {x: 0, y: 0, z: 0}
--- !u!4 &4508521776459260
Transform:
  m_ObjectHideFlags: 1
  m_PrefabParentObject: {fileID: 0}
  m_PrefabInternal: {fileID: 100100000}
  m_GameObject: {fileID: 1866064937434028}
  m_LocalRotation: {x: -0, y: -0, z: -0, w: 1}
  m_LocalPosition: {x: -0.0009999999, y: 1.0150001, z: 0}
  m_LocalScale: {x: 0.23999998, y: 0.23999998, z: 1}
  m_Children: []
  m_Father: {fileID: 4491440678305916}
  m_RootOrder: 12
  m_LocalEulerAnglesHint: {x: 0, y: 0, z: 0}
--- !u!4 &4710254560208116
Transform:
  m_ObjectHideFlags: 1
  m_PrefabParentObject: {fileID: 0}
  m_PrefabInternal: {fileID: 100100000}
  m_GameObject: {fileID: 1489753981593320}
  m_LocalRotation: {x: -0, y: -0, z: -0, w: 1}
  m_LocalPosition: {x: -0.001, y: 0.76600015, z: 0}
  m_LocalScale: {x: 0.24, y: 0.24, z: 1}
  m_Children: []
  m_Father: {fileID: 4491440678305916}
  m_RootOrder: 7
  m_LocalEulerAnglesHint: {x: 0, y: 0, z: 0}
--- !u!4 &4871362842775848
Transform:
  m_ObjectHideFlags: 1
  m_PrefabParentObject: {fileID: 0}
  m_PrefabInternal: {fileID: 100100000}
  m_GameObject: {fileID: 1166753947548594}
  m_LocalRotation: {x: -0, y: -0, z: -0, w: 1}
  m_LocalPosition: {x: -0.877, y: -0.64, z: 0}
  m_LocalScale: {x: 0.24, y: 0.24, z: 1}
  m_Children: []
  m_Father: {fileID: 4491440678305916}
  m_RootOrder: 8
  m_LocalEulerAnglesHint: {x: 0, y: 0, z: 0}
--- !u!4 &4990150521927034
Transform:
  m_ObjectHideFlags: 1
  m_PrefabParentObject: {fileID: 0}
  m_PrefabInternal: {fileID: 100100000}
  m_GameObject: {fileID: 1343666915030782}
  m_LocalRotation: {x: -0, y: -0, z: -0, w: 1}
  m_LocalPosition: {x: 0.423, y: -0.9539999, z: 0}
  m_LocalScale: {x: 0.24, y: 0.24, z: 1}
  m_Children: []
  m_Father: {fileID: 4491440678305916}
  m_RootOrder: 1
  m_LocalEulerAnglesHint: {x: 0, y: 0, z: 0}
--- !u!60 &60015019332094642
PolygonCollider2D:
  m_ObjectHideFlags: 1
  m_PrefabParentObject: {fileID: 0}
  m_PrefabInternal: {fileID: 100100000}
  m_GameObject: {fileID: 1343666915030782}
  m_Enabled: 0
  m_Density: 1
  m_Material: {fileID: 0}
  m_IsTrigger: 1
  m_UsedByEffector: 0
  m_UsedByComposite: 0
  m_Offset: {x: 0, y: 0}
  m_SpriteTilingProperty:
    border: {x: 0, y: 0, z: 0, w: 0}
    pivot: {x: 0, y: 0}
    oldSize: {x: 0, y: 0}
    newSize: {x: 0, y: 0}
    adaptiveTilingThreshold: 0
    drawMode: 0
    adaptiveTiling: 0
  m_AutoTiling: 0
  m_Points:
    m_Paths:
    - - {x: 0, y: 1}
      - {x: -0.95105654, y: 0.30901697}
      - {x: -0.5877852, y: -0.80901706}
      - {x: 0.58778536, y: -0.80901694}
      - {x: 0.9510565, y: 0.30901712}
--- !u!60 &60037123148854564
PolygonCollider2D:
  m_ObjectHideFlags: 1
  m_PrefabParentObject: {fileID: 0}
  m_PrefabInternal: {fileID: 100100000}
  m_GameObject: {fileID: 1108780428929482}
  m_Enabled: 1
  m_Density: 1
  m_Material: {fileID: 0}
  m_IsTrigger: 1
  m_UsedByEffector: 0
  m_UsedByComposite: 0
  m_Offset: {x: 0, y: 0}
  m_SpriteTilingProperty:
    border: {x: 0, y: 0, z: 0, w: 0}
    pivot: {x: 0.5, y: 0.5}
    oldSize: {x: 3.64, y: 3.82}
    newSize: {x: 3.64, y: 3.82}
    adaptiveTilingThreshold: 0.5
    drawMode: 0
    adaptiveTiling: 0
  m_AutoTiling: 0
  m_Points:
    m_Paths:
    - - {x: 1.4599999, y: -1.53}
      - {x: 1.5799999, y: -1.37}
      - {x: 1.68, y: -1.25}
      - {x: 1.8, y: -1.03}
      - {x: 1.8399999, y: -0.71}
      - {x: 1.8399999, y: -0.21}
      - {x: 1.76, y: 0.26999998}
      - {x: 1.6999999, y: 0.53}
      - {x: 1.5799999, y: 0.83}
      - {x: 1.4599999, y: 1.01}
      - {x: 1.14, y: 1.31}
      - {x: 1, y: 1.43}
      - {x: 0.44, y: 1.75}
      - {x: -0.08, y: 1.93}
      - {x: -0.56, y: 1.93}
      - {x: -0.78, y: 1.87}
      - {x: -1.18, y: 1.63}
      - {x: -1.4, y: 1.41}
      - {x: -1.62, y: 0.96999997}
      - {x: -1.7199999, y: 0.65}
      - {x: -1.78, y: 0.17}
      - {x: -1.78, y: -0.42999998}
      - {x: -1.66, y: -1.05}
      - {x: -1.56, y: -1.37}
      - {x: -1.3199999, y: -1.67}
      - {x: -1.12, y: -1.79}
      - {x: -0.7, y: -1.91}
      - {x: 0.02, y: -1.91}
      - {x: 0.22, y: -1.89}
      - {x: 0.68, y: -1.8499999}
      - {x: 0.96, y: -1.81}
--- !u!60 &60126416866008378
PolygonCollider2D:
  m_ObjectHideFlags: 1
  m_PrefabParentObject: {fileID: 0}
  m_PrefabInternal: {fileID: 100100000}
  m_GameObject: {fileID: 1991478396649392}
  m_Enabled: 1
  m_Density: 1
  m_Material: {fileID: 0}
  m_IsTrigger: 1
  m_UsedByEffector: 0
  m_UsedByComposite: 0
  m_Offset: {x: 0, y: 0}
  m_SpriteTilingProperty:
    border: {x: 0, y: 0, z: 0, w: 0}
    pivot: {x: 0.5, y: 0.5}
    oldSize: {x: 5.6, y: 6.62}
    newSize: {x: 5.6, y: 6.62}
    adaptiveTilingThreshold: 0.5
    drawMode: 0
    adaptiveTiling: 0
  m_AutoTiling: 0
  m_Points:
    m_Paths:
    - - {x: 0, y: -2.59}
      - {x: 0.08, y: -2.73}
      - {x: 0.42, y: -3.09}
      - {x: 0.68, y: -3.23}
      - {x: 0.85999995, y: -3.31}
      - {x: 1.28, y: -3.31}
      - {x: 1.42, y: -3.27}
      - {x: 1.66, y: -3.21}
      - {x: 1.9399999, y: -3.03}
      - {x: 2.1, y: -2.8899999}
      - {x: 2.36, y: -2.6299999}
      - {x: 2.48, y: -2.49}
      - {x: 2.58, y: -2.27}
      - {x: 2.6, y: -2.1499999}
      - {x: 2.6, y: -1.9699999}
      - {x: 2.58, y: -1.73}
      - {x: 2.52, y: -1.2099999}
      - {x: 2.5, y: -0.78999996}
      - {x: 2.54, y: -0.75}
      - {x: 2.6599998, y: -0.39}
      - {x: 2.74, y: 0.14999999}
      - {x: 2.78, y: 0.45}
      - {x: 2.8, y: 0.66999996}
      - {x: 2.82, y: 1.01}
      - {x: 2.82, y: 1.4499999}
      - {x: 2.8, y: 1.77}
      - {x: 2.76, y: 2.03}
      - {x: 2.6599998, y: 2.47}
      - {x: 2.48, y: 2.8899999}
      - {x: 2.3, y: 3.27}
      - {x: 2.2, y: 3.27}
      - {x: 1.9799999, y: 3.11}
      - {x: 1.5, y: 2.6299999}
      - {x: 1.3399999, y: 2.4299998}
      - {x: 1.24, y: 2.31}
      - {x: 0.78, y: 1.5899999}
      - {x: 0.39999998, y: 0.95}
      - {x: 0.42, y: 0.78999996}
      - {x: 0.38, y: 0.65}
      - {x: 0.35999998, y: 0.26999998}
      - {x: 0.38, y: -0.13}
      - {x: 0.38, y: -0.37}
      - {x: 0.26, y: -0.65}
      - {x: 0.04, y: -1.39}
      - {x: 0, y: -1.4499999}
      - {x: -0.39999998, y: -0.29}
      - {x: -0.39999998, y: 0.47}
      - {x: -0.42, y: 0.84999996}
      - {x: -0.44, y: 0.95}
      - {x: -0.62, y: 1.31}
      - {x: -0.84, y: 1.63}
      - {x: -1.0799999, y: 1.99}
      - {x: -1.42, y: 2.4099998}
      - {x: -1.62, y: 2.6299999}
      - {x: -1.88, y: 2.83}
      - {x: -2.2, y: 3.07}
      - {x: -2.3799999, y: 3.11}
      - {x: -2.52, y: 2.83}
      - {x: -2.72, y: 2.1499999}
      - {x: -2.78, y: 1.9499999}
      - {x: -2.8, y: 1.73}
      - {x: -2.8, y: 0.83}
      - {x: -2.78, y: 0.57}
      - {x: -2.74, y: 0.22999999}
      - {x: -2.7, y: -0.03}
      - {x: -2.6599998, y: -0.22999999}
      - {x: -2.6, y: -0.48999998}
      - {x: -2.52, y: -0.75}
      - {x: -2.48, y: -0.81}
      - {x: -2.52, y: -1.31}
      - {x: -2.58, y: -1.65}
      - {x: -2.6, y: -2.25}
      - {x: -2.48, y: -2.47}
      - {x: -2.3799999, y: -2.59}
      - {x: -2.04, y: -2.9299998}
      - {x: -1.8399999, y: -3.11}
      - {x: -1.5, y: -3.27}
      - {x: -1.3, y: -3.31}
      - {x: -0.84, y: -3.31}
      - {x: -0.7, y: -3.27}
      - {x: -0.35999998, y: -3.07}
      - {x: -0.08, y: -2.75}
--- !u!60 &60219111846791272
PolygonCollider2D:
  m_ObjectHideFlags: 1
  m_PrefabParentObject: {fileID: 0}
  m_PrefabInternal: {fileID: 100100000}
  m_GameObject: {fileID: 1536447396719210}
  m_Enabled: 1
  m_Density: 1
  m_Material: {fileID: 0}
  m_IsTrigger: 1
  m_UsedByEffector: 0
  m_UsedByComposite: 0
  m_Offset: {x: 0, y: 0}
  m_SpriteTilingProperty:
    border: {x: 0, y: 0, z: 0, w: 0}
    pivot: {x: 0.5, y: 0.5}
    oldSize: {x: 8.62, y: 4.62}
    newSize: {x: 8.62, y: 4.62}
    adaptiveTilingThreshold: 0.5
    drawMode: 0
    adaptiveTiling: 0
  m_AutoTiling: 0
  m_Points:
    m_Paths:
    - - {x: 1.09, y: -2.29}
      - {x: 1.39, y: -2.21}
      - {x: 1.8499999, y: -2.1299999}
      - {x: 2.31, y: -2.03}
      - {x: 2.71, y: -1.9499999}
      - {x: 3.25, y: -1.73}
      - {x: 3.6499999, y: -1.53}
      - {x: 3.85, y: -1.39}
      - {x: 4.21, y: -1.01}
      - {x: 4.33, y: -0.71}
      - {x: 4.33, y: -0.17}
      - {x: 4.31, y: -0.049999997}
      - {x: 4.23, y: 0.31}
      - {x: 4.17, y: 0.53}
      - {x: 3.9299998, y: 0.96999997}
      - {x: 3.85, y: 1.09}
      - {x: 3.61, y: 1.41}
      - {x: 3.21, y: 1.8299999}
      - {x: 2.97, y: 2.03}
      - {x: 2.81, y: 2.23}
      - {x: 2.55, y: 2.29}
      - {x: 2.29, y: 2.29}
      - {x: 1.77, y: 2.31}
      - {x: -1.77, y: 2.31}
      - {x: -2.27, y: 2.29}
      - {x: -2.55, y: 2.27}
      - {x: -2.79, y: 2.23}
      - {x: -2.9299998, y: 2.05}
      - {x: -3.1499999, y: 1.8499999}
      - {x: -3.47, y: 1.53}
      - {x: -3.6899998, y: 1.29}
      - {x: -3.97, y: 0.87}
      - {x: -4.17, y: 0.41}
      - {x: -4.25, y: 0.14999999}
      - {x: -4.29, y: -0.049999997}
      - {x: -4.31, y: -0.17}
      - {x: -4.31, y: -0.63}
      - {x: -4.27, y: -0.84999996}
      - {x: -4.11, y: -1.13}
      - {x: -3.75, y: -1.4499999}
      - {x: -3.53, y: -1.5899999}
      - {x: -2.99, y: -1.8499999}
      - {x: -2.6699998, y: -1.93}
      - {x: -2.21, y: -2.05}
      - {x: -1.61, y: -2.1699998}
      - {x: -0.95, y: -2.29}
      - {x: -0.78999996, y: -2.31}
      - {x: -0.32999998, y: -2.31}
      - {x: 0.03, y: -2.29}
      - {x: 0.35, y: -2.31}
      - {x: 0.81, y: -2.31}
--- !u!60 &60330718090283046
PolygonCollider2D:
  m_ObjectHideFlags: 1
  m_PrefabParentObject: {fileID: 0}
  m_PrefabInternal: {fileID: 100100000}
  m_GameObject: {fileID: 1866064937434028}
  m_Enabled: 1
  m_Density: 1
  m_Material: {fileID: 0}
  m_IsTrigger: 1
  m_UsedByEffector: 0
  m_UsedByComposite: 0
  m_Offset: {x: 0, y: 0}
  m_SpriteTilingProperty:
    border: {x: 0, y: 0, z: 0, w: 0}
    pivot: {x: 0.5, y: 0.5}
    oldSize: {x: 4.16, y: 6.82}
    newSize: {x: 2.06, y: 1.56}
    adaptiveTilingThreshold: 0.5
    drawMode: 0
    adaptiveTiling: 0
  m_AutoTiling: 0
  m_Points:
    m_Paths:
    - - {x: 1.52, y: -3.1299999}
      - {x: 1.88, y: -2.97}
      - {x: 2, y: -2.87}
      - {x: 2.1, y: -2.6299999}
      - {x: 2.1, y: -2.1699998}
      - {x: 2.08, y: -2.03}
      - {x: 2.04, y: -1.87}
      - {x: 1.92, y: -1.55}
      - {x: 1.66, y: -1.05}
      - {x: 1.52, y: -0.83}
      - {x: 1.14, y: -0.26999998}
      - {x: 0.78, y: 0.29}
      - {x: 0.65999997, y: 0.57}
      - {x: 0.58, y: 0.90999997}
      - {x: 0.56, y: 1.13}
      - {x: 0.56, y: 1.41}
      - {x: 0.68, y: 2.23}
      - {x: 0.74, y: 2.45}
      - {x: 0.91999996, y: 2.99}
      - {x: 0.91999996, y: 3.21}
      - {x: 0.78, y: 3.27}
      - {x: 0.58, y: 3.31}
      - {x: 0.16, y: 3.37}
      - {x: -0.26, y: 3.37}
      - {x: -0.53999996, y: 3.33}
      - {x: -0.76, y: 3.29}
      - {x: -0.82, y: 3.27}
      - {x: -0.9, y: 3.1899998}
      - {x: -0.9, y: 3.1299999}
      - {x: -0.79999995, y: 2.77}
      - {x: -0.74, y: 2.57}
      - {x: -0.62, y: 1.99}
      - {x: -0.58, y: 1.75}
      - {x: -0.53999996, y: 1.61}
      - {x: -0.52, y: 0.98999995}
      - {x: -0.53999996, y: 0.96999997}
      - {x: -0.58, y: 0.69}
      - {x: -0.62, y: 0.61}
      - {x: -0.65999997, y: 0.42999998}
      - {x: -0.78, y: 0.25}
      - {x: -0.94, y: -0.03}
      - {x: -1.4599999, y: -0.78999996}
      - {x: -1.66, y: -1.11}
      - {x: -1.92, y: -1.63}
      - {x: -1.9599999, y: -1.73}
      - {x: -2.02, y: -1.93}
      - {x: -2.06, y: -2.11}
      - {x: -2.06, y: -2.55}
      - {x: -2, y: -2.77}
      - {x: -1.9399999, y: -2.9099998}
      - {x: -1.78, y: -3.05}
      - {x: -1.4599999, y: -3.21}
      - {x: -0.97999996, y: -3.33}
      - {x: -0.65999997, y: -3.3899999}
      - {x: -0.45999998, y: -3.4099998}
      - {x: 0.45999998, y: -3.4099998}
      - {x: 0.58, y: -3.3899999}
      - {x: 0.71999997, y: -3.37}
      - {x: 1.14, y: -3.29}
--- !u!60 &60371356740150232
PolygonCollider2D:
  m_ObjectHideFlags: 1
  m_PrefabParentObject: {fileID: 0}
  m_PrefabInternal: {fileID: 100100000}
  m_GameObject: {fileID: 1166753947548594}
  m_Enabled: 1
  m_Density: 1
  m_Material: {fileID: 0}
  m_IsTrigger: 1
  m_UsedByEffector: 0
  m_UsedByComposite: 0
  m_Offset: {x: 0, y: 0}
  m_SpriteTilingProperty:
    border: {x: 0, y: 0, z: 0, w: 0}
    pivot: {x: 0.5, y: 0.5}
    oldSize: {x: 3.6, y: 3.84}
    newSize: {x: 3.6, y: 3.84}
    adaptiveTilingThreshold: 0.5
    drawMode: 0
    adaptiveTiling: 0
  m_AutoTiling: 0
  m_Points:
    m_Paths:
    - - {x: 1.5999999, y: -1.3199999}
      - {x: 1.76, y: -0.84}
      - {x: 1.8199999, y: -0.35999998}
      - {x: 1.8199999, y: 0.16}
      - {x: 1.78, y: 0.56}
      - {x: 1.6999999, y: 0.84}
      - {x: 1.48, y: 1.3399999}
      - {x: 1.38, y: 1.48}
      - {x: 1.22, y: 1.64}
      - {x: 0.76, y: 1.88}
      - {x: 0.56, y: 1.9399999}
      - {x: 0.19999999, y: 1.9399999}
      - {x: -0.29999998, y: 1.76}
      - {x: -0.85999995, y: 1.5}
      - {x: -1.04, y: 1.36}
      - {x: -1.4, y: 1.02}
      - {x: -1.56, y: 0.76}
      - {x: -1.62, y: 0.62}
      - {x: -1.7199999, y: 0.34}
      - {x: -1.78, y: -0.14}
      - {x: -1.8, y: -0.24}
      - {x: -1.8, y: -0.85999995}
      - {x: -1.7199999, y: -1.14}
      - {x: -1.62, y: -1.3199999}
      - {x: -1.3399999, y: -1.5799999}
      - {x: -1.06, y: -1.7199999}
      - {x: -0.9, y: -1.78}
      - {x: -0.74, y: -1.8199999}
      - {x: -0.52, y: -1.86}
      - {x: -0.17999999, y: -1.9}
      - {x: 0, y: -1.92}
      - {x: 0.68, y: -1.92}
      - {x: 1.06, y: -1.8399999}
      - {x: 1.24, y: -1.76}
      - {x: 1.52, y: -1.52}
--- !u!60 &60667746197815858
PolygonCollider2D:
  m_ObjectHideFlags: 1
  m_PrefabParentObject: {fileID: 0}
  m_PrefabInternal: {fileID: 100100000}
  m_GameObject: {fileID: 1334804599060418}
  m_Enabled: 1
  m_Density: 1
  m_Material: {fileID: 0}
  m_IsTrigger: 1
  m_UsedByEffector: 0
  m_UsedByComposite: 0
  m_Offset: {x: 0, y: 0}
  m_SpriteTilingProperty:
    border: {x: 0, y: 0, z: 0, w: 0}
    pivot: {x: 0.5, y: 0.5}
    oldSize: {x: 3.1, y: 5.58}
    newSize: {x: 3.1, y: 5.58}
    adaptiveTilingThreshold: 0.5
    drawMode: 0
    adaptiveTiling: 0
  m_AutoTiling: 0
  m_Points:
    m_Paths:
    - - {x: 0.71, y: -2.1499999}
      - {x: 0.90999997, y: -1.8299999}
      - {x: 1.09, y: -1.4499999}
      - {x: 1.23, y: -1.0699999}
      - {x: 1.35, y: -0.61}
      - {x: 1.4499999, y: -0.049999997}
      - {x: 1.49, y: 0.31}
      - {x: 1.51, y: 0.53}
      - {x: 1.53, y: 0.84999996}
      - {x: 1.53, y: 1.93}
      - {x: 1.51, y: 2.25}
      - {x: 1.49, y: 2.45}
      - {x: 1.4499999, y: 2.69}
      - {x: 1.35, y: 2.77}
      - {x: 0.95, y: 2.81}
      - {x: 0.53, y: 2.81}
      - {x: 0.26999998, y: 2.77}
      - {x: 0.049999997, y: 2.6299999}
      - {x: -0.42999998, y: 2.19}
      - {x: -0.75, y: 1.77}
      - {x: -0.89, y: 1.55}
      - {x: -1.0699999, y: 1.1899999}
      - {x: -1.17, y: 0.95}
      - {x: -1.31, y: 0.57}
      - {x: -1.4699999, y: -0.22999999}
      - {x: -1.53, y: -0.61}
      - {x: -1.55, y: -0.81}
      - {x: -1.55, y: -1.43}
      - {x: -1.4699999, y: -1.87}
      - {x: -1.27, y: -2.21}
      - {x: -0.77, y: -2.6699998}
      - {x: -0.47, y: -2.79}
      - {x: -0.13, y: -2.79}
      - {x: 0.03, y: -2.77}
      - {x: 0.31, y: -2.59}
      - {x: 0.57, y: -2.31}
--- !u!60 &60669317456347816
PolygonCollider2D:
  m_ObjectHideFlags: 1
  m_PrefabParentObject: {fileID: 0}
  m_PrefabInternal: {fileID: 100100000}
  m_GameObject: {fileID: 1404152127442412}
  m_Enabled: 1
  m_Density: 1
  m_Material: {fileID: 0}
  m_IsTrigger: 1
  m_UsedByEffector: 0
  m_UsedByComposite: 0
  m_Offset: {x: 0, y: 0}
  m_SpriteTilingProperty:
    border: {x: 0, y: 0, z: 0, w: 0}
    pivot: {x: 0.5, y: 0.5}
    oldSize: {x: 2.56, y: 4.44}
    newSize: {x: 8.62, y: 4.62}
    adaptiveTilingThreshold: 0.5
    drawMode: 0
    adaptiveTiling: 0
  m_AutoTiling: 0
  m_Points:
    m_Paths:
    - - {x: 1.26, y: -1.0799999}
      - {x: 1.3, y: -0.82}
      - {x: 1.3, y: -0.08}
      - {x: 1.24, y: 0.22}
      - {x: 1.12, y: 0.65999997}
      - {x: 0.94, y: 1.18}
      - {x: 0.64, y: 2.04}
      - {x: 0.52, y: 2.24}
      - {x: 0.32, y: 2.24}
      - {x: 0.19999999, y: 2.22}
      - {x: -0.06, y: 2.1599998}
      - {x: -0.17999999, y: 2.2}
      - {x: -0.26, y: 2.22}
      - {x: -0.45999998, y: 2.24}
      - {x: -0.58, y: 2.04}
      - {x: -0.76, y: 1.5799999}
      - {x: -0.91999996, y: 1.22}
      - {x: -1.1, y: 0.59999996}
      - {x: -1.22, y: 0.16}
      - {x: -1.26, y: 0}
      - {x: -1.26, y: -0.9}
      - {x: -1.22, y: -1.12}
      - {x: -1.18, y: -1.26}
      - {x: -1.0799999, y: -1.52}
      - {x: -0.9, y: -1.8}
      - {x: -0.64, y: -2.06}
      - {x: -0.48, y: -2.2}
      - {x: -0.44, y: -2.2}
      - {x: -0.38, y: -2.1399999}
      - {x: -0.38, y: -1.64}
      - {x: -0.39999998, y: -1.22}
      - {x: -0.22, y: -1.3}
      - {x: 0.19999999, y: -1.3199999}
      - {x: 0.38, y: -1.22}
      - {x: 0.42, y: -1.4399999}
      - {x: 0.42, y: -2.18}
      - {x: 0.44, y: -2.22}
      - {x: 0.5, y: -2.22}
      - {x: 0.58, y: -2.18}
      - {x: 0.88, y: -1.86}
      - {x: 1.12, y: -1.54}
      - {x: 1.1999999, y: -1.3}
--- !u!60 &60804534021049298
PolygonCollider2D:
  m_ObjectHideFlags: 1
  m_PrefabParentObject: {fileID: 0}
  m_PrefabInternal: {fileID: 100100000}
  m_GameObject: {fileID: 1519216279940590}
  m_Enabled: 1
  m_Density: 1
  m_Material: {fileID: 0}
  m_IsTrigger: 1
  m_UsedByEffector: 0
  m_UsedByComposite: 0
  m_Offset: {x: 0, y: 0}
  m_SpriteTilingProperty:
    border: {x: 0, y: 0, z: 0, w: 0}
    pivot: {x: 0.5, y: 0.5}
    oldSize: {x: 5.02, y: 4.06}
    newSize: {x: 8.62, y: 4.62}
    adaptiveTilingThreshold: 0.5
    drawMode: 0
    adaptiveTiling: 0
  m_AutoTiling: 0
  m_Points:
    m_Paths:
    - - {x: 1.79, y: -0.78999996}
      - {x: 2.33, y: -0.17}
      - {x: 2.51, y: 0.049999997}
      - {x: 2.53, y: 0.13}
      - {x: 2.4299998, y: 0.37}
      - {x: 2.09, y: 1.0699999}
      - {x: 1.89, y: 1.43}
      - {x: 1.5699999, y: 1.99}
      - {x: 1.53, y: 2.05}
      - {x: 1.1899999, y: 2.05}
      - {x: 0.71, y: 1.9699999}
      - {x: 0.03, y: 1.77}
      - {x: -0.089999996, y: 1.81}
      - {x: -0.45, y: 1.91}
      - {x: -0.78999996, y: 1.99}
      - {x: -1.09, y: 2.05}
      - {x: -1.41, y: 2.05}
      - {x: -1.4699999, y: 1.9699999}
      - {x: -1.99, y: 1.05}
      - {x: -2.3899999, y: 0.21}
      - {x: -2.51, y: -0.049999997}
      - {x: -2.51, y: -0.19}
      - {x: -1.99, y: -0.71}
      - {x: -1.5699999, y: -1.09}
      - {x: -1.03, y: -1.55}
      - {x: -0.75, y: -1.75}
      - {x: -0.48999998, y: -1.93}
      - {x: -0.39, y: -1.89}
      - {x: -0.25, y: -1.99}
      - {x: -0.14999999, y: -2.03}
      - {x: 0.17, y: -2.03}
      - {x: 0.26999998, y: -2.01}
      - {x: 0.57, y: -1.89}
      - {x: 0.78999996, y: -1.75}
      - {x: 1.37, y: -1.23}
--- !u!60 &60860482765250228
PolygonCollider2D:
  m_ObjectHideFlags: 1
  m_PrefabParentObject: {fileID: 0}
  m_PrefabInternal: {fileID: 100100000}
  m_GameObject: {fileID: 1154027076275338}
  m_Enabled: 1
  m_Density: 1
  m_Material: {fileID: 0}
  m_IsTrigger: 1
  m_UsedByEffector: 0
  m_UsedByComposite: 0
  m_Offset: {x: 0, y: 0}
  m_SpriteTilingProperty:
    border: {x: 0, y: 0, z: 0, w: 0}
    pivot: {x: 0.5, y: 0.5}
    oldSize: {x: 3.06, y: 5.58}
    newSize: {x: 3.06, y: 5.58}
    adaptiveTilingThreshold: 0.5
    drawMode: 0
    adaptiveTiling: 0
  m_AutoTiling: 0
  m_Points:
    m_Paths:
    - - {x: 1.43, y: -1.9499999}
      - {x: 1.55, y: -1.55}
      - {x: 1.55, y: -0.72999996}
      - {x: 1.53, y: -0.61}
      - {x: 1.4499999, y: -0.11}
      - {x: 1.37, y: 0.26999998}
      - {x: 1.27, y: 0.72999996}
      - {x: 1.13, y: 1.13}
      - {x: 0.81, y: 1.6899999}
      - {x: 0.48999998, y: 2.11}
      - {x: 0.11, y: 2.49}
      - {x: -0.21, y: 2.73}
      - {x: -0.41, y: 2.81}
      - {x: -1.2099999, y: 2.81}
      - {x: -1.39, y: 2.75}
      - {x: -1.4499999, y: 2.71}
      - {x: -1.49, y: 2.45}
      - {x: -1.53, y: 1.9499999}
      - {x: -1.53, y: 0.84999996}
      - {x: -1.51, y: 0.53}
      - {x: -1.4699999, y: 0.13}
      - {x: -1.37, y: -0.53}
      - {x: -1.27, y: -1.01}
      - {x: -0.96999997, y: -1.7099999}
      - {x: -0.72999996, y: -2.11}
      - {x: -0.61, y: -2.27}
      - {x: -0.37, y: -2.55}
      - {x: -0.01, y: -2.77}
      - {x: 0.089999996, y: -2.79}
      - {x: 0.47, y: -2.79}
      - {x: 0.78999996, y: -2.6499999}
      - {x: 1.2099999, y: -2.27}
      - {x: 1.29, y: -2.1499999}
--- !u!60 &60927500645959222
PolygonCollider2D:
  m_ObjectHideFlags: 1
  m_PrefabParentObject: {fileID: 0}
  m_PrefabInternal: {fileID: 100100000}
  m_GameObject: {fileID: 1196028527181740}
  m_Enabled: 1
  m_Density: 1
  m_Material: {fileID: 0}
  m_IsTrigger: 1
  m_UsedByEffector: 0
  m_UsedByComposite: 0
  m_Offset: {x: 0, y: 0}
  m_SpriteTilingProperty:
    border: {x: 0, y: 0, z: 0, w: 0}
    pivot: {x: 0.5, y: 0.5}
    oldSize: {x: 6.5, y: 6.8}
    newSize: {x: 6.5, y: 6.8}
    adaptiveTilingThreshold: 0.5
    drawMode: 0
    adaptiveTiling: 0
  m_AutoTiling: 0
  m_Points:
    m_Paths:
    - - {x: 1.5699999, y: -3.08}
      - {x: 1.93, y: -2.9199998}
      - {x: 2.4099998, y: -2.62}
      - {x: 2.83, y: -2.1599998}
      - {x: 2.95, y: -1.9799999}
      - {x: 3.1299999, y: -1.5799999}
      - {x: 3.21, y: -1.3}
      - {x: 3.27, y: -0.94}
      - {x: 3.27, y: -0.48}
      - {x: 3.25, y: -0.22}
      - {x: 3.21, y: 0.14}
      - {x: 3.1699998, y: 0.39999998}
      - {x: 3.09, y: 0.78}
      - {x: 3.03, y: 1.1}
      - {x: 2.9099998, y: 1.4}
      - {x: 2.6699998, y: 1.92}
      - {x: 2.55, y: 2.12}
      - {x: 2.31, y: 2.44}
      - {x: 2.01, y: 2.72}
      - {x: 1.81, y: 2.8799999}
      - {x: 1.61, y: 3.02}
      - {x: 1.2099999, y: 3.1999998}
      - {x: 1.11, y: 3.26}
      - {x: 0.72999996, y: 3.34}
      - {x: 0.22999999, y: 3.4199998}
      - {x: -0.19, y: 3.4199998}
      - {x: -0.35, y: 3.3999999}
      - {x: -0.83, y: 3.32}
      - {x: -0.96999997, y: 3.28}
      - {x: -1.29, y: 3.1599998}
      - {x: -1.63, y: 3}
      - {x: -1.81, y: 2.8799999}
      - {x: -1.9699999, y: 2.74}
      - {x: -2.29, y: 2.4199998}
      - {x: -2.45, y: 2.22}
      - {x: -2.57, y: 2.04}
      - {x: -2.6299999, y: 1.9599999}
      - {x: -2.81, y: 1.5799999}
      - {x: -2.9099998, y: 1.3199999}
      - {x: -3.01, y: 1.02}
      - {x: -3.11, y: 0.62}
      - {x: -3.1699998, y: 0.39999998}
      - {x: -3.23, y: -0.19999999}
      - {x: -3.25, y: -0.38}
      - {x: -3.25, y: -1.12}
      - {x: -3.1499999, y: -1.48}
      - {x: -3.11, y: -1.5799999}
      - {x: -2.9299998, y: -1.9799999}
      - {x: -2.81, y: -2.1599998}
      - {x: -2.3899999, y: -2.6}
      - {x: -2.21, y: -2.72}
      - {x: -2.05, y: -2.84}
      - {x: -1.41, y: -3.1599998}
      - {x: -0.84999996, y: -3.3}
      - {x: -0.26999998, y: -3.3999999}
      - {x: 0.17, y: -3.3999999}
      - {x: 0.55, y: -3.3799999}
      - {x: 0.77, y: -3.34}
      - {x: 1.1899999, y: -3.22}
--- !u!212 &212023740430781324
SpriteRenderer:
  m_ObjectHideFlags: 1
  m_PrefabParentObject: {fileID: 0}
  m_PrefabInternal: {fileID: 100100000}
  m_GameObject: {fileID: 1334804599060418}
  m_Enabled: 1
  m_CastShadows: 0
  m_ReceiveShadows: 0
  m_DynamicOccludee: 1
  m_MotionVectors: 1
  m_LightProbeUsage: 1
  m_ReflectionProbeUsage: 1
  m_RenderingLayerMask: 4294967295
  m_Materials:
  - {fileID: 10754, guid: 0000000000000000f000000000000000, type: 0}
  m_StaticBatchInfo:
    firstSubMesh: 0
    subMeshCount: 0
  m_StaticBatchRoot: {fileID: 0}
  m_ProbeAnchor: {fileID: 0}
  m_LightProbeVolumeOverride: {fileID: 0}
  m_ScaleInLightmap: 1
  m_PreserveUVs: 0
  m_IgnoreNormalsForChartDetection: 0
  m_ImportantGI: 0
  m_StitchLightmapSeams: 0
  m_SelectedEditorRenderState: 0
  m_MinimumChartSize: 4
  m_AutoUVMaxDistance: 0.5
  m_AutoUVMaxAngle: 89
  m_LightmapParameters: {fileID: 0}
  m_SortingLayerID: 0
  m_SortingLayer: 0
  m_SortingOrder: 13
  m_Sprite: {fileID: 21300070, guid: b886261b5c4d9e84f95ff640717fec6e, type: 3}
  m_Color: {r: 1, g: 1, b: 1, a: 1}
  m_FlipX: 0
  m_FlipY: 0
  m_DrawMode: 0
  m_Size: {x: 3.1, y: 5.58}
  m_AdaptiveModeThreshold: 0.5
  m_SpriteTileMode: 0
  m_WasSpriteAssigned: 1
  m_MaskInteraction: 0
--- !u!212 &212064893686143404
SpriteRenderer:
  m_ObjectHideFlags: 1
  m_PrefabParentObject: {fileID: 0}
  m_PrefabInternal: {fileID: 100100000}
  m_GameObject: {fileID: 1404152127442412}
  m_Enabled: 1
  m_CastShadows: 0
  m_ReceiveShadows: 0
  m_DynamicOccludee: 1
  m_MotionVectors: 1
  m_LightProbeUsage: 1
  m_ReflectionProbeUsage: 1
  m_RenderingLayerMask: 4294967295
  m_Materials:
  - {fileID: 10754, guid: 0000000000000000f000000000000000, type: 0}
  m_StaticBatchInfo:
    firstSubMesh: 0
    subMeshCount: 0
  m_StaticBatchRoot: {fileID: 0}
  m_ProbeAnchor: {fileID: 0}
  m_LightProbeVolumeOverride: {fileID: 0}
  m_ScaleInLightmap: 1
  m_PreserveUVs: 0
  m_IgnoreNormalsForChartDetection: 0
  m_ImportantGI: 0
  m_StitchLightmapSeams: 0
  m_SelectedEditorRenderState: 0
  m_MinimumChartSize: 4
  m_AutoUVMaxDistance: 0.5
  m_AutoUVMaxAngle: 89
  m_LightmapParameters: {fileID: 0}
  m_SortingLayerID: 0
  m_SortingLayer: 0
  m_SortingOrder: 13
  m_Sprite: {fileID: 21300056, guid: b886261b5c4d9e84f95ff640717fec6e, type: 3}
  m_Color: {r: 1, g: 1, b: 1, a: 1}
  m_FlipX: 0
  m_FlipY: 0
  m_DrawMode: 0
  m_Size: {x: 8.62, y: 4.62}
  m_AdaptiveModeThreshold: 0.5
  m_SpriteTileMode: 0
  m_WasSpriteAssigned: 1
  m_MaskInteraction: 0
--- !u!212 &212261234155323372
SpriteRenderer:
  m_ObjectHideFlags: 1
  m_PrefabParentObject: {fileID: 0}
  m_PrefabInternal: {fileID: 100100000}
  m_GameObject: {fileID: 1536447396719210}
  m_Enabled: 1
  m_CastShadows: 0
  m_ReceiveShadows: 0
  m_DynamicOccludee: 1
  m_MotionVectors: 1
  m_LightProbeUsage: 1
  m_ReflectionProbeUsage: 1
  m_RenderingLayerMask: 4294967295
  m_Materials:
  - {fileID: 10754, guid: 0000000000000000f000000000000000, type: 0}
  m_StaticBatchInfo:
    firstSubMesh: 0
    subMeshCount: 0
  m_StaticBatchRoot: {fileID: 0}
  m_ProbeAnchor: {fileID: 0}
  m_LightProbeVolumeOverride: {fileID: 0}
  m_ScaleInLightmap: 1
  m_PreserveUVs: 0
  m_IgnoreNormalsForChartDetection: 0
  m_ImportantGI: 0
  m_StitchLightmapSeams: 0
  m_SelectedEditorRenderState: 0
  m_MinimumChartSize: 4
  m_AutoUVMaxDistance: 0.5
  m_AutoUVMaxAngle: 89
  m_LightmapParameters: {fileID: 0}
  m_SortingLayerID: 0
  m_SortingLayer: 0
  m_SortingOrder: 10
  m_Sprite: {fileID: 21300092, guid: b886261b5c4d9e84f95ff640717fec6e, type: 3}
  m_Color: {r: 1, g: 1, b: 1, a: 1}
  m_FlipX: 0
  m_FlipY: 0
  m_DrawMode: 0
  m_Size: {x: 8.62, y: 4.62}
  m_AdaptiveModeThreshold: 0.5
  m_SpriteTileMode: 0
  m_WasSpriteAssigned: 1
  m_MaskInteraction: 0
--- !u!212 &212382399489478848
SpriteRenderer:
  m_ObjectHideFlags: 1
  m_PrefabParentObject: {fileID: 0}
  m_PrefabInternal: {fileID: 100100000}
  m_GameObject: {fileID: 1196028527181740}
  m_Enabled: 1
  m_CastShadows: 0
  m_ReceiveShadows: 0
  m_DynamicOccludee: 1
  m_MotionVectors: 1
  m_LightProbeUsage: 1
  m_ReflectionProbeUsage: 1
  m_RenderingLayerMask: 4294967295
  m_Materials:
  - {fileID: 10754, guid: 0000000000000000f000000000000000, type: 0}
  m_StaticBatchInfo:
    firstSubMesh: 0
    subMeshCount: 0
  m_StaticBatchRoot: {fileID: 0}
  m_ProbeAnchor: {fileID: 0}
  m_LightProbeVolumeOverride: {fileID: 0}
  m_ScaleInLightmap: 1
  m_PreserveUVs: 0
  m_IgnoreNormalsForChartDetection: 0
  m_ImportantGI: 0
  m_StitchLightmapSeams: 0
  m_SelectedEditorRenderState: 0
  m_MinimumChartSize: 4
  m_AutoUVMaxDistance: 0.5
  m_AutoUVMaxAngle: 89
  m_LightmapParameters: {fileID: 0}
  m_SortingLayerID: 0
  m_SortingLayer: 0
  m_SortingOrder: 14
  m_Sprite: {fileID: 21300050, guid: b886261b5c4d9e84f95ff640717fec6e, type: 3}
  m_Color: {r: 1, g: 1, b: 1, a: 1}
  m_FlipX: 0
  m_FlipY: 0
  m_DrawMode: 0
  m_Size: {x: 6.5, y: 6.8}
  m_AdaptiveModeThreshold: 0.5
  m_SpriteTileMode: 0
  m_WasSpriteAssigned: 1
  m_MaskInteraction: 0
--- !u!212 &212442348663434534
SpriteRenderer:
  m_ObjectHideFlags: 1
  m_PrefabParentObject: {fileID: 0}
  m_PrefabInternal: {fileID: 100100000}
  m_GameObject: {fileID: 1154027076275338}
  m_Enabled: 1
  m_CastShadows: 0
  m_ReceiveShadows: 0
  m_DynamicOccludee: 1
  m_MotionVectors: 1
  m_LightProbeUsage: 1
  m_ReflectionProbeUsage: 1
  m_RenderingLayerMask: 4294967295
  m_Materials:
  - {fileID: 10754, guid: 0000000000000000f000000000000000, type: 0}
  m_StaticBatchInfo:
    firstSubMesh: 0
    subMeshCount: 0
  m_StaticBatchRoot: {fileID: 0}
  m_ProbeAnchor: {fileID: 0}
  m_LightProbeVolumeOverride: {fileID: 0}
  m_ScaleInLightmap: 1
  m_PreserveUVs: 0
  m_IgnoreNormalsForChartDetection: 0
  m_ImportantGI: 0
  m_StitchLightmapSeams: 0
  m_SelectedEditorRenderState: 0
  m_MinimumChartSize: 4
  m_AutoUVMaxDistance: 0.5
  m_AutoUVMaxAngle: 89
  m_LightmapParameters: {fileID: 0}
  m_SortingLayerID: 0
  m_SortingLayer: 0
  m_SortingOrder: 13
  m_Sprite: {fileID: 21300088, guid: b886261b5c4d9e84f95ff640717fec6e, type: 3}
  m_Color: {r: 1, g: 1, b: 1, a: 1}
  m_FlipX: 0
  m_FlipY: 0
  m_DrawMode: 0
  m_Size: {x: 3.06, y: 5.58}
  m_AdaptiveModeThreshold: 0.5
  m_SpriteTileMode: 0
  m_WasSpriteAssigned: 1
  m_MaskInteraction: 0
--- !u!212 &212514070563142616
SpriteRenderer:
  m_ObjectHideFlags: 1
  m_PrefabParentObject: {fileID: 0}
  m_PrefabInternal: {fileID: 100100000}
  m_GameObject: {fileID: 1866064937434028}
  m_Enabled: 1
  m_CastShadows: 0
  m_ReceiveShadows: 0
  m_DynamicOccludee: 1
  m_MotionVectors: 1
  m_LightProbeUsage: 1
  m_ReflectionProbeUsage: 1
  m_RenderingLayerMask: 4294967295
  m_Materials:
  - {fileID: 10754, guid: 0000000000000000f000000000000000, type: 0}
  m_StaticBatchInfo:
    firstSubMesh: 0
    subMeshCount: 0
  m_StaticBatchRoot: {fileID: 0}
  m_ProbeAnchor: {fileID: 0}
  m_LightProbeVolumeOverride: {fileID: 0}
  m_ScaleInLightmap: 1
  m_PreserveUVs: 0
  m_IgnoreNormalsForChartDetection: 0
  m_ImportantGI: 0
  m_StitchLightmapSeams: 0
  m_SelectedEditorRenderState: 0
  m_MinimumChartSize: 4
  m_AutoUVMaxDistance: 0.5
  m_AutoUVMaxAngle: 89
  m_LightmapParameters: {fileID: 0}
  m_SortingLayerID: 0
  m_SortingLayer: 0
  m_SortingOrder: 15
  m_Sprite: {fileID: 21300084, guid: b886261b5c4d9e84f95ff640717fec6e, type: 3}
  m_Color: {r: 1, g: 1, b: 1, a: 1}
  m_FlipX: 0
  m_FlipY: 0
  m_DrawMode: 0
  m_Size: {x: 2.06, y: 1.56}
  m_AdaptiveModeThreshold: 0.5
  m_SpriteTileMode: 0
  m_WasSpriteAssigned: 1
  m_MaskInteraction: 0
--- !u!212 &212558569367967488
SpriteRenderer:
  m_ObjectHideFlags: 1
  m_PrefabParentObject: {fileID: 0}
  m_PrefabInternal: {fileID: 100100000}
  m_GameObject: {fileID: 1853590394386536}
  m_Enabled: 1
  m_CastShadows: 0
  m_ReceiveShadows: 0
  m_DynamicOccludee: 1
  m_MotionVectors: 1
  m_LightProbeUsage: 1
  m_ReflectionProbeUsage: 1
  m_RenderingLayerMask: 4294967295
  m_Materials:
  - {fileID: 10754, guid: 0000000000000000f000000000000000, type: 0}
  m_StaticBatchInfo:
    firstSubMesh: 0
    subMeshCount: 0
  m_StaticBatchRoot: {fileID: 0}
  m_ProbeAnchor: {fileID: 0}
  m_LightProbeVolumeOverride: {fileID: 0}
  m_ScaleInLightmap: 1
  m_PreserveUVs: 0
  m_IgnoreNormalsForChartDetection: 0
  m_ImportantGI: 0
  m_StitchLightmapSeams: 0
  m_SelectedEditorRenderState: 0
  m_MinimumChartSize: 4
  m_AutoUVMaxDistance: 0.5
  m_AutoUVMaxAngle: 89
  m_LightmapParameters: {fileID: 0}
  m_SortingLayerID: 0
  m_SortingLayer: 0
  m_SortingOrder: 0
  m_Sprite: {fileID: 0}
  m_Color: {r: 1, g: 1, b: 1, a: 1}
  m_FlipX: 0
  m_FlipY: 0
  m_DrawMode: 0
  m_Size: {x: 1, y: 1}
  m_AdaptiveModeThreshold: 0.5
  m_SpriteTileMode: 0
  m_WasSpriteAssigned: 0
  m_MaskInteraction: 0
--- !u!212 &212561398092969250
SpriteRenderer:
  m_ObjectHideFlags: 1
  m_PrefabParentObject: {fileID: 0}
  m_PrefabInternal: {fileID: 100100000}
  m_GameObject: {fileID: 1519216279940590}
  m_Enabled: 1
  m_CastShadows: 0
  m_ReceiveShadows: 0
  m_DynamicOccludee: 1
  m_MotionVectors: 1
  m_LightProbeUsage: 1
  m_ReflectionProbeUsage: 1
  m_RenderingLayerMask: 4294967295
  m_Materials:
  - {fileID: 10754, guid: 0000000000000000f000000000000000, type: 0}
  m_StaticBatchInfo:
    firstSubMesh: 0
    subMeshCount: 0
  m_StaticBatchRoot: {fileID: 0}
  m_ProbeAnchor: {fileID: 0}
  m_LightProbeVolumeOverride: {fileID: 0}
  m_ScaleInLightmap: 1
  m_PreserveUVs: 0
  m_IgnoreNormalsForChartDetection: 0
  m_ImportantGI: 0
  m_StitchLightmapSeams: 0
  m_SelectedEditorRenderState: 0
  m_MinimumChartSize: 4
  m_AutoUVMaxDistance: 0.5
  m_AutoUVMaxAngle: 89
  m_LightmapParameters: {fileID: 0}
  m_SortingLayerID: 0
  m_SortingLayer: 0
  m_SortingOrder: 12
  m_Sprite: {fileID: 21300054, guid: b886261b5c4d9e84f95ff640717fec6e, type: 3}
  m_Color: {r: 1, g: 1, b: 1, a: 1}
  m_FlipX: 0
  m_FlipY: 0
  m_DrawMode: 0
  m_Size: {x: 8.62, y: 4.62}
  m_AdaptiveModeThreshold: 0.5
  m_SpriteTileMode: 0
  m_WasSpriteAssigned: 1
  m_MaskInteraction: 0
--- !u!212 &212566317482553110
SpriteRenderer:
  m_ObjectHideFlags: 1
  m_PrefabParentObject: {fileID: 0}
  m_PrefabInternal: {fileID: 100100000}
  m_GameObject: {fileID: 1893136841044972}
  m_Enabled: 1
  m_CastShadows: 0
  m_ReceiveShadows: 0
  m_DynamicOccludee: 1
  m_MotionVectors: 1
  m_LightProbeUsage: 1
  m_ReflectionProbeUsage: 1
  m_RenderingLayerMask: 4294967295
  m_Materials:
  - {fileID: 10754, guid: 0000000000000000f000000000000000, type: 0}
  m_StaticBatchInfo:
    firstSubMesh: 0
    subMeshCount: 0
  m_StaticBatchRoot: {fileID: 0}
  m_ProbeAnchor: {fileID: 0}
  m_LightProbeVolumeOverride: {fileID: 0}
  m_ScaleInLightmap: 1
  m_PreserveUVs: 0
  m_IgnoreNormalsForChartDetection: 0
  m_ImportantGI: 0
  m_StitchLightmapSeams: 0
  m_SelectedEditorRenderState: 0
  m_MinimumChartSize: 4
  m_AutoUVMaxDistance: 0.5
  m_AutoUVMaxAngle: 89
  m_LightmapParameters: {fileID: 0}
  m_SortingLayerID: 0
  m_SortingLayer: 0
  m_SortingOrder: 15
  m_Sprite: {fileID: 21300074, guid: b886261b5c4d9e84f95ff640717fec6e, type: 3}
  m_Color: {r: 1, g: 1, b: 1, a: 1}
  m_FlipX: 0
  m_FlipY: 0
  m_DrawMode: 0
  m_Size: {x: 3.25, y: 0.78}
  m_AdaptiveModeThreshold: 0.5
  m_SpriteTileMode: 0
  m_WasSpriteAssigned: 1
  m_MaskInteraction: 0
--- !u!212 &212670504657832846
SpriteRenderer:
  m_ObjectHideFlags: 1
  m_PrefabParentObject: {fileID: 0}
  m_PrefabInternal: {fileID: 100100000}
  m_GameObject: {fileID: 1489753981593320}
  m_Enabled: 1
  m_CastShadows: 0
  m_ReceiveShadows: 0
  m_DynamicOccludee: 1
  m_MotionVectors: 1
  m_LightProbeUsage: 1
  m_ReflectionProbeUsage: 1
  m_RenderingLayerMask: 4294967295
  m_Materials:
  - {fileID: 10754, guid: 0000000000000000f000000000000000, type: 0}
  m_StaticBatchInfo:
    firstSubMesh: 0
    subMeshCount: 0
  m_StaticBatchRoot: {fileID: 0}
  m_ProbeAnchor: {fileID: 0}
  m_LightProbeVolumeOverride: {fileID: 0}
  m_ScaleInLightmap: 1
  m_PreserveUVs: 0
  m_IgnoreNormalsForChartDetection: 0
  m_ImportantGI: 0
  m_StitchLightmapSeams: 0
  m_SelectedEditorRenderState: 0
  m_MinimumChartSize: 4
  m_AutoUVMaxDistance: 0.5
  m_AutoUVMaxAngle: 89
  m_LightmapParameters: {fileID: 0}
  m_SortingLayerID: 0
  m_SortingLayer: 0
  m_SortingOrder: 16
  m_Sprite: {fileID: 21300068, guid: b886261b5c4d9e84f95ff640717fec6e, type: 3}
  m_Color: {r: 1, g: 1, b: 1, a: 1}
  m_FlipX: 0
  m_FlipY: 0
  m_DrawMode: 0
  m_Size: {x: 2.06, y: 1.56}
  m_AdaptiveModeThreshold: 0.5
  m_SpriteTileMode: 0
  m_WasSpriteAssigned: 1
  m_MaskInteraction: 0
--- !u!212 &212789513187352100
SpriteRenderer:
  m_ObjectHideFlags: 1
  m_PrefabParentObject: {fileID: 0}
  m_PrefabInternal: {fileID: 100100000}
  m_GameObject: {fileID: 1166753947548594}
  m_Enabled: 1
  m_CastShadows: 0
  m_ReceiveShadows: 0
  m_DynamicOccludee: 1
  m_MotionVectors: 1
  m_LightProbeUsage: 1
  m_ReflectionProbeUsage: 1
  m_RenderingLayerMask: 4294967295
  m_Materials:
  - {fileID: 10754, guid: 0000000000000000f000000000000000, type: 0}
  m_StaticBatchInfo:
    firstSubMesh: 0
    subMeshCount: 0
  m_StaticBatchRoot: {fileID: 0}
  m_ProbeAnchor: {fileID: 0}
  m_LightProbeVolumeOverride: {fileID: 0}
  m_ScaleInLightmap: 1
  m_PreserveUVs: 0
  m_IgnoreNormalsForChartDetection: 0
  m_ImportantGI: 0
  m_StitchLightmapSeams: 0
  m_SelectedEditorRenderState: 0
  m_MinimumChartSize: 4
  m_AutoUVMaxDistance: 0.5
  m_AutoUVMaxAngle: 89
  m_LightmapParameters: {fileID: 0}
  m_SortingLayerID: 0
  m_SortingLayer: 0
  m_SortingOrder: 14
  m_Sprite: {fileID: 21300102, guid: b886261b5c4d9e84f95ff640717fec6e, type: 3}
  m_Color: {r: 1, g: 1, b: 1, a: 1}
  m_FlipX: 0
  m_FlipY: 0
  m_DrawMode: 0
  m_Size: {x: 3.6, y: 3.84}
  m_AdaptiveModeThreshold: 0.5
  m_SpriteTileMode: 0
  m_WasSpriteAssigned: 1
  m_MaskInteraction: 0
--- !u!212 &212817918067427148
SpriteRenderer:
  m_ObjectHideFlags: 1
  m_PrefabParentObject: {fileID: 0}
  m_PrefabInternal: {fileID: 100100000}
  m_GameObject: {fileID: 1991478396649392}
  m_Enabled: 1
  m_CastShadows: 0
  m_ReceiveShadows: 0
  m_DynamicOccludee: 1
  m_MotionVectors: 1
  m_LightProbeUsage: 1
  m_ReflectionProbeUsage: 1
  m_RenderingLayerMask: 4294967295
  m_Materials:
  - {fileID: 10754, guid: 0000000000000000f000000000000000, type: 0}
  m_StaticBatchInfo:
    firstSubMesh: 0
    subMeshCount: 0
  m_StaticBatchRoot: {fileID: 0}
  m_ProbeAnchor: {fileID: 0}
  m_LightProbeVolumeOverride: {fileID: 0}
  m_ScaleInLightmap: 1
  m_PreserveUVs: 0
  m_IgnoreNormalsForChartDetection: 0
  m_ImportantGI: 0
  m_StitchLightmapSeams: 0
  m_SelectedEditorRenderState: 0
  m_MinimumChartSize: 4
  m_AutoUVMaxDistance: 0.5
  m_AutoUVMaxAngle: 89
  m_LightmapParameters: {fileID: 0}
  m_SortingLayerID: 0
  m_SortingLayer: 0
  m_SortingOrder: 13
  m_Sprite: {fileID: 21300072, guid: b886261b5c4d9e84f95ff640717fec6e, type: 3}
  m_Color: {r: 1, g: 1, b: 1, a: 1}
  m_FlipX: 0
  m_FlipY: 0
  m_DrawMode: 0
  m_Size: {x: 5.6, y: 6.62}
  m_AdaptiveModeThreshold: 0.5
  m_SpriteTileMode: 0
  m_WasSpriteAssigned: 1
  m_MaskInteraction: 0
--- !u!212 &212947862983352542
SpriteRenderer:
  m_ObjectHideFlags: 1
  m_PrefabParentObject: {fileID: 0}
  m_PrefabInternal: {fileID: 100100000}
  m_GameObject: {fileID: 1108780428929482}
  m_Enabled: 1
  m_CastShadows: 0
  m_ReceiveShadows: 0
  m_DynamicOccludee: 1
  m_MotionVectors: 1
  m_LightProbeUsage: 1
  m_ReflectionProbeUsage: 1
  m_RenderingLayerMask: 4294967295
  m_Materials:
  - {fileID: 10754, guid: 0000000000000000f000000000000000, type: 0}
  m_StaticBatchInfo:
    firstSubMesh: 0
    subMeshCount: 0
  m_StaticBatchRoot: {fileID: 0}
  m_ProbeAnchor: {fileID: 0}
  m_LightProbeVolumeOverride: {fileID: 0}
  m_ScaleInLightmap: 1
  m_PreserveUVs: 0
  m_IgnoreNormalsForChartDetection: 0
  m_ImportantGI: 0
  m_StitchLightmapSeams: 0
  m_SelectedEditorRenderState: 0
  m_MinimumChartSize: 4
  m_AutoUVMaxDistance: 0.5
  m_AutoUVMaxAngle: 89
  m_LightmapParameters: {fileID: 0}
  m_SortingLayerID: 0
  m_SortingLayer: 0
  m_SortingOrder: 14
  m_Sprite: {fileID: 21300104, guid: b886261b5c4d9e84f95ff640717fec6e, type: 3}
  m_Color: {r: 1, g: 1, b: 1, a: 1}
  m_FlipX: 0
  m_FlipY: 0
  m_DrawMode: 0
  m_Size: {x: 3.64, y: 3.82}
  m_AdaptiveModeThreshold: 0.5
  m_SpriteTileMode: 0
  m_WasSpriteAssigned: 1
  m_MaskInteraction: 0
--- !u!212 &212966601063163900
SpriteRenderer:
  m_ObjectHideFlags: 1
  m_PrefabParentObject: {fileID: 0}
  m_PrefabInternal: {fileID: 100100000}
  m_GameObject: {fileID: 1649033098668684}
  m_Enabled: 1
  m_CastShadows: 0
  m_ReceiveShadows: 0
  m_DynamicOccludee: 1
  m_MotionVectors: 1
  m_LightProbeUsage: 1
  m_ReflectionProbeUsage: 1
  m_RenderingLayerMask: 4294967295
  m_Materials:
  - {fileID: 10754, guid: 0000000000000000f000000000000000, type: 0}
  m_StaticBatchInfo:
    firstSubMesh: 0
    subMeshCount: 0
  m_StaticBatchRoot: {fileID: 0}
  m_ProbeAnchor: {fileID: 0}
  m_LightProbeVolumeOverride: {fileID: 0}
  m_ScaleInLightmap: 1
  m_PreserveUVs: 0
  m_IgnoreNormalsForChartDetection: 0
  m_ImportantGI: 0
  m_StitchLightmapSeams: 0
  m_SelectedEditorRenderState: 0
  m_MinimumChartSize: 4
  m_AutoUVMaxDistance: 0.5
  m_AutoUVMaxAngle: 89
  m_LightmapParameters: {fileID: 0}
  m_SortingLayerID: 0
  m_SortingLayer: 0
  m_SortingOrder: 0
  m_Sprite: {fileID: 0}
  m_Color: {r: 1, g: 1, b: 1, a: 1}
  m_FlipX: 0
  m_FlipY: 0
  m_DrawMode: 0
  m_Size: {x: 1, y: 1}
  m_AdaptiveModeThreshold: 0.5
  m_SpriteTileMode: 0
  m_WasSpriteAssigned: 0
  m_MaskInteraction: 0
