%YAML 1.1
%TAG !u! tag:unity3d.com,2011:
--- !u!1001 &100100000
Prefab:
  m_ObjectHideFlags: 1
  serializedVersion: 2
  m_Modification:
    m_TransformParent: {fileID: 0}
    m_Modifications: []
    m_RemovedComponents: []
  m_ParentPrefab: {fileID: 0}
  m_RootGameObject: {fileID: 1894298950760206}
  m_IsPrefabParent: 1
--- !u!1 &1208642439602064
GameObject:
  m_ObjectHideFlags: 0
  m_PrefabParentObject: {fileID: 0}
  m_PrefabInternal: {fileID: 100100000}
  serializedVersion: 5
  m_Component:
  - component: {fileID: 4945057862212516}
  - component: {fileID: 212005877172921412}
  - component: {fileID: 60137082509528138}
  - component: {fileID: 114901451094682030}
  m_Layer: 10
  m_Name: skin
  m_TagString: part
  m_Icon: {fileID: 0}
  m_NavMeshLayer: 0
  m_StaticEditorFlags: 0
  m_IsActive: 1
--- !u!1 &1538994183887164
GameObject:
  m_ObjectHideFlags: 0
  m_PrefabParentObject: {fileID: 0}
  m_PrefabInternal: {fileID: 100100000}
  serializedVersion: 5
  m_Component:
  - component: {fileID: 4084642790239380}
  - component: {fileID: 212171783057894614}
  - component: {fileID: 60802631025824688}
  - component: {fileID: 114406160049436222}
  m_Layer: 10
  m_Name: shell
  m_TagString: part
  m_Icon: {fileID: 0}
  m_NavMeshLayer: 0
  m_StaticEditorFlags: 0
  m_IsActive: 1
--- !u!1 &1727176693183162
GameObject:
  m_ObjectHideFlags: 0
  m_PrefabParentObject: {fileID: 0}
  m_PrefabInternal: {fileID: 100100000}
  serializedVersion: 5
  m_Component:
  - component: {fileID: 4563642557943482}
  - component: {fileID: 212278178047096260}
  - component: {fileID: 60665809403227506}
  - component: {fileID: 114914518430302032}
  m_Layer: 10
  m_Name: legs
  m_TagString: part
  m_Icon: {fileID: 0}
  m_NavMeshLayer: 0
  m_StaticEditorFlags: 0
  m_IsActive: 1
--- !u!1 &1827119152209674
GameObject:
  m_ObjectHideFlags: 0
  m_PrefabParentObject: {fileID: 0}
  m_PrefabInternal: {fileID: 100100000}
  serializedVersion: 5
  m_Component:
  - component: {fileID: 4744830565853772}
  - component: {fileID: 212348224117901994}
  - component: {fileID: 60988236779071522}
  - component: {fileID: 114961977926908724}
  m_Layer: 10
  m_Name: undershell
  m_TagString: part
  m_Icon: {fileID: 0}
  m_NavMeshLayer: 0
  m_StaticEditorFlags: 0
  m_IsActive: 1
--- !u!1 &1894298950760206
GameObject:
  m_ObjectHideFlags: 0
  m_PrefabParentObject: {fileID: 0}
  m_PrefabInternal: {fileID: 100100000}
  serializedVersion: 5
  m_Component:
  - component: {fileID: 4320288412116368}
  - component: {fileID: 212436610085624342}
  m_Layer: 10
  m_Name: forest_tortoise
  m_TagString: Untagged
  m_Icon: {fileID: 0}
  m_NavMeshLayer: 0
  m_StaticEditorFlags: 0
  m_IsActive: 1
--- !u!1 &1936696103367792
GameObject:
  m_ObjectHideFlags: 0
  m_PrefabParentObject: {fileID: 0}
  m_PrefabInternal: {fileID: 100100000}
  serializedVersion: 5
  m_Component:
  - component: {fileID: 4066814376733388}
  - component: {fileID: 212364071943668222}
  - component: {fileID: 114807968704539030}
  m_Layer: 10
  m_Name: eye
  m_TagString: Untagged
  m_Icon: {fileID: 0}
  m_NavMeshLayer: 0
  m_StaticEditorFlags: 0
  m_IsActive: 1
--- !u!4 &4066814376733388
Transform:
  m_ObjectHideFlags: 1
  m_PrefabParentObject: {fileID: 0}
  m_PrefabInternal: {fileID: 100100000}
  m_GameObject: {fileID: 1936696103367792}
  m_LocalRotation: {x: -0, y: -0, z: -0, w: 1}
  m_LocalPosition: {x: -3.3873, y: 1.84, z: 0}
  m_LocalScale: {x: 0.3454154, y: 0.34122744, z: 0.35997143}
  m_Children: []
  m_Father: {fileID: 4320288412116368}
  m_RootOrder: 4
  m_LocalEulerAnglesHint: {x: 0, y: 0, z: 0}
--- !u!4 &4084642790239380
Transform:
  m_ObjectHideFlags: 1
  m_PrefabParentObject: {fileID: 0}
  m_PrefabInternal: {fileID: 100100000}
  m_GameObject: {fileID: 1538994183887164}
  m_LocalRotation: {x: 0, y: 0, z: 0, w: 1}
  m_LocalPosition: {x: 1.1401, y: 0.6102, z: 0}
  m_LocalScale: {x: 1.1501566, y: 1.1532676, z: 1}
  m_Children: []
  m_Father: {fileID: 4320288412116368}
  m_RootOrder: 0
  m_LocalEulerAnglesHint: {x: 0, y: 0, z: 0}
--- !u!4 &4320288412116368
Transform:
  m_ObjectHideFlags: 1
  m_PrefabParentObject: {fileID: 0}
  m_PrefabInternal: {fileID: 100100000}
  m_GameObject: {fileID: 1894298950760206}
  m_LocalRotation: {x: -0, y: -0, z: -0, w: 1}
  m_LocalPosition: {x: -0.033, y: 0.022700002, z: 0}
  m_LocalScale: {x: 0.13633966, y: 0.19044311, z: 0.13633986}
  m_Children:
  - {fileID: 4084642790239380}
  - {fileID: 4744830565853772}
  - {fileID: 4945057862212516}
  - {fileID: 4563642557943482}
  - {fileID: 4066814376733388}
  m_Father: {fileID: 0}
  m_RootOrder: 0
  m_LocalEulerAnglesHint: {x: 0, y: 0, z: 0}
--- !u!4 &4563642557943482
Transform:
  m_ObjectHideFlags: 1
  m_PrefabParentObject: {fileID: 0}
  m_PrefabInternal: {fileID: 100100000}
  m_GameObject: {fileID: 1727176693183162}
  m_LocalRotation: {x: -0, y: -0, z: -0, w: 1}
  m_LocalPosition: {x: 1.307, y: -1.65, z: 0}
  m_LocalScale: {x: 0.9595596, y: 0.94792813, z: 1.0000001}
  m_Children: []
  m_Father: {fileID: 4320288412116368}
  m_RootOrder: 3
  m_LocalEulerAnglesHint: {x: 0, y: 0, z: 0}
--- !u!4 &4744830565853772
Transform:
  m_ObjectHideFlags: 1
  m_PrefabParentObject: {fileID: 0}
  m_PrefabInternal: {fileID: 100100000}
  m_GameObject: {fileID: 1827119152209674}
  m_LocalRotation: {x: -0, y: -0, z: -0, w: 1}
  m_LocalPosition: {x: 0.9055, y: -1.2531, z: 0}
  m_LocalScale: {x: 1.0782233, y: 1.0706297, z: 1.0000001}
  m_Children: []
  m_Father: {fileID: 4320288412116368}
  m_RootOrder: 1
  m_LocalEulerAnglesHint: {x: 0, y: 0, z: 0}
--- !u!4 &4945057862212516
Transform:
  m_ObjectHideFlags: 1
  m_PrefabParentObject: {fileID: 0}
  m_PrefabInternal: {fileID: 100100000}
  m_GameObject: {fileID: 1208642439602064}
  m_LocalRotation: {x: -0, y: -0, z: -0, w: 1}
  m_LocalPosition: {x: -0.001, y: 0.4877, z: 0}
  m_LocalScale: {x: 1.7699426, y: 1.8092214, z: 1.0000001}
  m_Children: []
  m_Father: {fileID: 4320288412116368}
  m_RootOrder: 2
  m_LocalEulerAnglesHint: {x: 0, y: 0, z: 0}
--- !u!60 &60137082509528138
PolygonCollider2D:
  m_ObjectHideFlags: 1
  m_PrefabParentObject: {fileID: 0}
  m_PrefabInternal: {fileID: 100100000}
  m_GameObject: {fileID: 1208642439602064}
  m_Enabled: 1
  m_Density: 1
  m_Material: {fileID: 0}
  m_IsTrigger: 0
  m_UsedByEffector: 0
  m_UsedByComposite: 0
  m_Offset: {x: 0, y: 0}
  m_SpriteTilingProperty:
    border: {x: 0, y: 0, z: 0, w: 0}
    pivot: {x: 0.5, y: 0.5}
    oldSize: {x: 5.22, y: 2.28}
    newSize: {x: 5.28, y: 3.44}
    adaptiveTilingThreshold: 0.5
    drawMode: 0
    adaptiveTiling: 0
  m_AutoTiling: 0
  m_Points:
    m_Paths:
    - - {x: 2.4099998, y: -0.64}
      - {x: 2.6299999, y: -0.44}
      - {x: 2.6299999, y: -0.34}
      - {x: 2.45, y: -0.26}
      - {x: 2.07, y: -0.06}
      - {x: 1.67, y: 0.16}
      - {x: 1.27, y: 0.26}
      - {x: 1.01, y: 0.29999998}
      - {x: 0.32999998, y: 0.29999998}
      - {x: -0.11, y: 0.24}
      - {x: -0.57, y: 0.099999994}
      - {x: -0.83, y: -0.04}
      - {x: -1.0699999, y: 0.39999998}
      - {x: -1.39, y: 0.96}
      - {x: -1.55, y: 1.12}
      - {x: -1.65, y: 1.16}
      - {x: -2.27, y: 1.16}
      - {x: -2.57, y: 0.91999996}
      - {x: -2.61, y: 0.79999995}
      - {x: -2.61, y: 0.5}
      - {x: -2.57, y: 0.35999998}
      - {x: -2.31, y: 0.12}
      - {x: -2.1499999, y: 0.099999994}
      - {x: -1.81, y: 0}
      - {x: -1.63, y: -0.44}
      - {x: -1.35, y: -0.78}
      - {x: -1.15, y: -0.91999996}
      - {x: -0.66999996, y: -1.1}
      - {x: -0.089999996, y: -1.14}
      - {x: 0.75, y: -1.14}
      - {x: 1.17, y: -1.0799999}
      - {x: 1.51, y: -1}
      - {x: 2.05, y: -0.82}
--- !u!60 &60665809403227506
PolygonCollider2D:
  m_ObjectHideFlags: 1
  m_PrefabParentObject: {fileID: 0}
  m_PrefabInternal: {fileID: 100100000}
  m_GameObject: {fileID: 1727176693183162}
  m_Enabled: 1
  m_Density: 1
  m_Material: {fileID: 0}
  m_IsTrigger: 0
  m_UsedByEffector: 0
  m_UsedByComposite: 0
  m_Offset: {x: 0, y: 0}
  m_SpriteTilingProperty:
    border: {x: 0, y: 0, z: 0, w: 0}
    pivot: {x: 0.5, y: 0.5}
    oldSize: {x: 5.24, y: 2.14}
    newSize: {x: 5.28, y: 3.44}
    adaptiveTilingThreshold: 0.5
    drawMode: 0
    adaptiveTiling: 0
  m_AutoTiling: 0
  m_Points:
    m_Paths:
    - - {x: -1.02, y: 0.22999999}
      - {x: -1.06, y: 0.71}
      - {x: -1.3199999, y: 1.01}
      - {x: -1.48, y: 1.09}
      - {x: -1.76, y: 1.09}
      - {x: -1.92, y: 1.01}
      - {x: -2.08, y: 0.84999996}
      - {x: -2.28, y: 0.55}
      - {x: -2.44, y: 0.07}
      - {x: -2.62, y: -0.55}
      - {x: -2.62, y: -0.78999996}
      - {x: -2.34, y: -1.01}
      - {x: -2.12, y: -1.05}
      - {x: -1.48, y: -1.05}
      - {x: -1.16, y: -0.95}
      - {x: -1.04, y: -0.71}
      - {x: -1.02, y: -0.39}
    - - {x: 2.6, y: -0.049999997}
      - {x: 2.5, y: 0.48999998}
      - {x: 2.1599998, y: 0.98999995}
      - {x: 2.02, y: 1.05}
      - {x: 1.5799999, y: 1.05}
      - {x: 1.24, y: 0.71}
      - {x: 1.18, y: 0.51}
      - {x: 1.16, y: 0.35}
      - {x: 1.1, y: -0.37}
      - {x: 1.1, y: -0.65}
      - {x: 1.3, y: -0.81}
      - {x: 1.4399999, y: -0.84999996}
      - {x: 2, y: -0.84999996}
      - {x: 2.54, y: -0.63}
      - {x: 2.62, y: -0.55}
      - {x: 2.62, y: -0.31}
--- !u!60 &60802631025824688
PolygonCollider2D:
  m_ObjectHideFlags: 1
  m_PrefabParentObject: {fileID: 0}
  m_PrefabInternal: {fileID: 100100000}
  m_GameObject: {fileID: 1538994183887164}
  m_Enabled: 1
  m_Density: 1
  m_Material: {fileID: 0}
  m_IsTrigger: 0
  m_UsedByEffector: 0
  m_UsedByComposite: 0
  m_Offset: {x: 0, y: 0}
  m_SpriteTilingProperty:
    border: {x: 0, y: 0, z: 0, w: 0}
    pivot: {x: 0.5, y: 0.5}
    oldSize: {x: 5.28, y: 3.44}
    newSize: {x: 5.28, y: 3.44}
    adaptiveTilingThreshold: 0.5
    drawMode: 0
    adaptiveTiling: 0
  m_AutoTiling: 0
  m_Points:
    m_Paths:
    - - {x: 1.56, y: -1.56}
      - {x: 2.28, y: -1.26}
      - {x: 2.6599998, y: -0.82}
      - {x: 2.6599998, y: -0.5}
      - {x: 2.5, y: -0.26}
      - {x: 2.34, y: -0.04}
      - {x: 2.18, y: 0.22}
      - {x: 2, y: 0.64}
      - {x: 1.8199999, y: 0.88}
      - {x: 1.48, y: 1.24}
      - {x: 1.0799999, y: 1.54}
      - {x: 0.78, y: 1.68}
      - {x: 0.62, y: 1.74}
      - {x: -0.099999994, y: 1.74}
      - {x: -0.32, y: 1.68}
      - {x: -0.74, y: 1.56}
      - {x: -1.14, y: 1.3199999}
      - {x: -1.3399999, y: 1.14}
      - {x: -1.86, y: 0.64}
      - {x: -1.9599999, y: 0.5}
      - {x: -2.08, y: 0.34}
      - {x: -2.22, y: 0.34}
      - {x: -2.52, y: 0.28}
      - {x: -2.6, y: 0.12}
      - {x: -2.6, y: -0.04}
      - {x: -2.1599998, y: -0.53999996}
      - {x: -1.6999999, y: -1.06}
      - {x: -1.52, y: -1.1999999}
      - {x: -1.14, y: -1.4}
      - {x: -0.76, y: -1.56}
      - {x: -0.58, y: -1.62}
      - {x: -0.28, y: -1.68}
      - {x: -0.099999994, y: -1.6999999}
      - {x: 0.24, y: -1.7199999}
      - {x: 0.62, y: -1.7199999}
      - {x: 0.79999995, y: -1.6999999}
      - {x: 1.18, y: -1.66}
      - {x: 1.36, y: -1.5999999}
--- !u!60 &60988236779071522
PolygonCollider2D:
  m_ObjectHideFlags: 1
  m_PrefabParentObject: {fileID: 0}
  m_PrefabInternal: {fileID: 100100000}
  m_GameObject: {fileID: 1827119152209674}
  m_Enabled: 1
  m_Density: 1
  m_Material: {fileID: 0}
  m_IsTrigger: 0
  m_UsedByEffector: 0
  m_UsedByComposite: 0
  m_Offset: {x: 0, y: 0}
  m_SpriteTilingProperty:
    border: {x: 0, y: 0, z: 0, w: 0}
    pivot: {x: 0.5, y: 0.5}
    oldSize: {x: 5.2, y: 1.2}
    newSize: {x: 5.28, y: 3.44}
    adaptiveTilingThreshold: 0.5
    drawMode: 0
    adaptiveTiling: 0
  m_AutoTiling: 0
  m_Points:
    m_Paths:
    - - {x: 2.1, y: -0.02}
      - {x: 2.44, y: 0.17999999}
      - {x: 2.6, y: 0.32}
      - {x: 2.62, y: 0.42}
      - {x: 2.62, y: 0.5}
      - {x: 2.56, y: 0.52}
      - {x: 2.04, y: 0.26}
      - {x: 1.56, y: 0.099999994}
      - {x: 0.97999996, y: 0}
      - {x: 0.17999999, y: -0.02}
      - {x: 0.16, y: 0}
      - {x: -0.28, y: 0.06}
      - {x: -0.84, y: 0.26}
      - {x: -1.22, y: 0.45999998}
      - {x: -1.4599999, y: 0.62}
      - {x: -1.74, y: 0.62}
      - {x: -1.9799999, y: 0.59999996}
      - {x: -2.06, y: 0.52}
      - {x: -2.2, y: 0.24}
      - {x: -2.4199998, y: 0.099999994}
      - {x: -2.54, y: 0.17999999}
      - {x: -2.6, y: 0.16}
      - {x: -2.6, y: -0.12}
      - {x: -2.54, y: -0.19999999}
      - {x: -2.1399999, y: -0.24}
      - {x: -2, y: -0.32}
      - {x: -1.68, y: -0.45999998}
      - {x: -1.52, y: -0.48}
      - {x: -1.3199999, y: -0.52}
      - {x: -1.06, y: -0.56}
      - {x: 0.02, y: -0.56}
      - {x: 0.32, y: -0.5}
      - {x: 0.88, y: -0.39999998}
      - {x: 1.48, y: -0.24}
--- !u!114 &114406160049436222
MonoBehaviour:
  m_ObjectHideFlags: 1
  m_PrefabParentObject: {fileID: 0}
  m_PrefabInternal: {fileID: 100100000}
  m_GameObject: {fileID: 1538994183887164}
  m_Enabled: 1
  m_EditorHideFlags: 0
  m_Script: {fileID: 11500000, guid: fb4eb5826daa92546a0ecb2f7b7da09b, type: 3}
  m_Name: 
  m_EditorClassIdentifier: 
  hexcode: 
--- !u!114 &114807968704539030
MonoBehaviour:
  m_ObjectHideFlags: 1
  m_PrefabParentObject: {fileID: 0}
  m_PrefabInternal: {fileID: 100100000}
  m_GameObject: {fileID: 1936696103367792}
  m_Enabled: 1
  m_EditorHideFlags: 0
  m_Script: {fileID: 11500000, guid: fb4eb5826daa92546a0ecb2f7b7da09b, type: 3}
  m_Name: 
  m_EditorClassIdentifier: 
  hexcode: 
--- !u!114 &114901451094682030
MonoBehaviour:
  m_ObjectHideFlags: 1
  m_PrefabParentObject: {fileID: 0}
  m_PrefabInternal: {fileID: 100100000}
  m_GameObject: {fileID: 1208642439602064}
  m_Enabled: 1
  m_EditorHideFlags: 0
  m_Script: {fileID: 11500000, guid: fb4eb5826daa92546a0ecb2f7b7da09b, type: 3}
  m_Name: 
  m_EditorClassIdentifier: 
  hexcode: 
--- !u!114 &114914518430302032
MonoBehaviour:
  m_ObjectHideFlags: 1
  m_PrefabParentObject: {fileID: 0}
  m_PrefabInternal: {fileID: 100100000}
  m_GameObject: {fileID: 1727176693183162}
  m_Enabled: 1
  m_EditorHideFlags: 0
  m_Script: {fileID: 11500000, guid: fb4eb5826daa92546a0ecb2f7b7da09b, type: 3}
  m_Name: 
  m_EditorClassIdentifier: 
  hexcode: 
--- !u!114 &114961977926908724
MonoBehaviour:
  m_ObjectHideFlags: 1
  m_PrefabParentObject: {fileID: 0}
  m_PrefabInternal: {fileID: 100100000}
  m_GameObject: {fileID: 1827119152209674}
  m_Enabled: 1
  m_EditorHideFlags: 0
  m_Script: {fileID: 11500000, guid: fb4eb5826daa92546a0ecb2f7b7da09b, type: 3}
  m_Name: 
  m_EditorClassIdentifier: 
  hexcode: 
--- !u!212 &212005877172921412
SpriteRenderer:
  m_ObjectHideFlags: 1
  m_PrefabParentObject: {fileID: 0}
  m_PrefabInternal: {fileID: 100100000}
  m_GameObject: {fileID: 1208642439602064}
  m_Enabled: 1
  m_CastShadows: 0
  m_ReceiveShadows: 0
  m_DynamicOccludee: 1
  m_MotionVectors: 1
  m_LightProbeUsage: 1
  m_ReflectionProbeUsage: 1
  m_RenderingLayerMask: 4294967295
  m_Materials:
  - {fileID: 10754, guid: 0000000000000000f000000000000000, type: 0}
  m_StaticBatchInfo:
    firstSubMesh: 0
    subMeshCount: 0
  m_StaticBatchRoot: {fileID: 0}
  m_ProbeAnchor: {fileID: 0}
  m_LightProbeVolumeOverride: {fileID: 0}
  m_ScaleInLightmap: 1
  m_PreserveUVs: 0
  m_IgnoreNormalsForChartDetection: 0
  m_ImportantGI: 0
  m_StitchLightmapSeams: 0
  m_SelectedEditorRenderState: 0
  m_MinimumChartSize: 4
  m_AutoUVMaxDistance: 0.5
  m_AutoUVMaxAngle: 89
  m_LightmapParameters: {fileID: 0}
  m_SortingLayerID: 0
  m_SortingLayer: 0
  m_SortingOrder: 1098
  m_Sprite: {fileID: 21300014, guid: 2c272951d3dd9ad4893e4f57183716fb, type: 3}
  m_Color: {r: 0.6414209, g: 0.7921569, b: 0.32549024, a: 1}
  m_FlipX: 0
  m_FlipY: 0
  m_DrawMode: 0
  m_Size: {x: 5.28, y: 3.44}
  m_AdaptiveModeThreshold: 0.5
  m_SpriteTileMode: 0
  m_WasSpriteAssigned: 1
  m_MaskInteraction: 0
--- !u!212 &212171783057894614
SpriteRenderer:
  m_ObjectHideFlags: 1
  m_PrefabParentObject: {fileID: 0}
  m_PrefabInternal: {fileID: 100100000}
  m_GameObject: {fileID: 1538994183887164}
  m_Enabled: 1
  m_CastShadows: 0
  m_ReceiveShadows: 0
  m_DynamicOccludee: 1
  m_MotionVectors: 1
  m_LightProbeUsage: 1
  m_ReflectionProbeUsage: 1
  m_RenderingLayerMask: 4294967295
  m_Materials:
  - {fileID: 10754, guid: 0000000000000000f000000000000000, type: 0}
  m_StaticBatchInfo:
    firstSubMesh: 0
    subMeshCount: 0
  m_StaticBatchRoot: {fileID: 0}
  m_ProbeAnchor: {fileID: 0}
  m_LightProbeVolumeOverride: {fileID: 0}
  m_ScaleInLightmap: 1
  m_PreserveUVs: 0
  m_IgnoreNormalsForChartDetection: 0
  m_ImportantGI: 0
  m_StitchLightmapSeams: 0
  m_SelectedEditorRenderState: 0
  m_MinimumChartSize: 4
  m_AutoUVMaxDistance: 0.5
  m_AutoUVMaxAngle: 89
  m_LightmapParameters: {fileID: 0}
  m_SortingLayerID: 0
  m_SortingLayer: 0
  m_SortingOrder: 1100
  m_Sprite: {fileID: 21300004, guid: 2c272951d3dd9ad4893e4f57183716fb, type: 3}
  m_Color: {r: 0.12861262, g: 0.33962262, b: 0.036845855, a: 1}
  m_FlipX: 0
  m_FlipY: 0
  m_DrawMode: 0
  m_Size: {x: 5.28, y: 3.44}
  m_AdaptiveModeThreshold: 0.5
  m_SpriteTileMode: 0
  m_WasSpriteAssigned: 1
  m_MaskInteraction: 0
--- !u!212 &212278178047096260
SpriteRenderer:
  m_ObjectHideFlags: 1
  m_PrefabParentObject: {fileID: 0}
  m_PrefabInternal: {fileID: 100100000}
  m_GameObject: {fileID: 1727176693183162}
  m_Enabled: 1
  m_CastShadows: 0
  m_ReceiveShadows: 0
  m_DynamicOccludee: 1
  m_MotionVectors: 1
  m_LightProbeUsage: 1
  m_ReflectionProbeUsage: 1
  m_RenderingLayerMask: 4294967295
  m_Materials:
  - {fileID: 10754, guid: 0000000000000000f000000000000000, type: 0}
  m_StaticBatchInfo:
    firstSubMesh: 0
    subMeshCount: 0
  m_StaticBatchRoot: {fileID: 0}
  m_ProbeAnchor: {fileID: 0}
  m_LightProbeVolumeOverride: {fileID: 0}
  m_ScaleInLightmap: 1
  m_PreserveUVs: 0
  m_IgnoreNormalsForChartDetection: 0
  m_ImportantGI: 0
  m_StitchLightmapSeams: 0
  m_SelectedEditorRenderState: 0
  m_MinimumChartSize: 4
  m_AutoUVMaxDistance: 0.5
  m_AutoUVMaxAngle: 89
  m_LightmapParameters: {fileID: 0}
  m_SortingLayerID: 0
  m_SortingLayer: 0
  m_SortingOrder: 1101
  m_Sprite: {fileID: 21300012, guid: 2c272951d3dd9ad4893e4f57183716fb, type: 3}
  m_Color: {r: 0.6414209, g: 0.7921569, b: 0.32549024, a: 1}
  m_FlipX: 0
  m_FlipY: 0
  m_DrawMode: 0
  m_Size: {x: 5.28, y: 3.44}
  m_AdaptiveModeThreshold: 0.5
  m_SpriteTileMode: 0
  m_WasSpriteAssigned: 1
  m_MaskInteraction: 0
--- !u!212 &212348224117901994
SpriteRenderer:
  m_ObjectHideFlags: 1
  m_PrefabParentObject: {fileID: 0}
  m_PrefabInternal: {fileID: 100100000}
  m_GameObject: {fileID: 1827119152209674}
  m_Enabled: 1
  m_CastShadows: 0
  m_ReceiveShadows: 0
  m_DynamicOccludee: 1
  m_MotionVectors: 1
  m_LightProbeUsage: 1
  m_ReflectionProbeUsage: 1
  m_RenderingLayerMask: 4294967295
  m_Materials:
  - {fileID: 10754, guid: 0000000000000000f000000000000000, type: 0}
  m_StaticBatchInfo:
    firstSubMesh: 0
    subMeshCount: 0
  m_StaticBatchRoot: {fileID: 0}
  m_ProbeAnchor: {fileID: 0}
  m_LightProbeVolumeOverride: {fileID: 0}
  m_ScaleInLightmap: 1
  m_PreserveUVs: 0
  m_IgnoreNormalsForChartDetection: 0
  m_ImportantGI: 0
  m_StitchLightmapSeams: 0
  m_SelectedEditorRenderState: 0
  m_MinimumChartSize: 4
  m_AutoUVMaxDistance: 0.5
  m_AutoUVMaxAngle: 89
  m_LightmapParameters: {fileID: 0}
  m_SortingLayerID: 0
  m_SortingLayer: 0
  m_SortingOrder: 1099
  m_Sprite: {fileID: 21300002, guid: 2c272951d3dd9ad4893e4f57183716fb, type: 3}
  m_Color: {r: 0.7924528, g: 0.6551194, b: 0.3252047, a: 1}
  m_FlipX: 0
  m_FlipY: 0
  m_DrawMode: 0
  m_Size: {x: 5.28, y: 3.44}
  m_AdaptiveModeThreshold: 0.5
  m_SpriteTileMode: 0
  m_WasSpriteAssigned: 1
  m_MaskInteraction: 0
--- !u!212 &212364071943668222
SpriteRenderer:
  m_ObjectHideFlags: 1
  m_PrefabParentObject: {fileID: 0}
  m_PrefabInternal: {fileID: 100100000}
  m_GameObject: {fileID: 1936696103367792}
  m_Enabled: 1
  m_CastShadows: 0
  m_ReceiveShadows: 0
  m_DynamicOccludee: 1
  m_MotionVectors: 1
  m_LightProbeUsage: 1
  m_ReflectionProbeUsage: 1
  m_RenderingLayerMask: 4294967295
  m_Materials:
  - {fileID: 10754, guid: 0000000000000000f000000000000000, type: 0}
  m_StaticBatchInfo:
    firstSubMesh: 0
    subMeshCount: 0
  m_StaticBatchRoot: {fileID: 0}
  m_ProbeAnchor: {fileID: 0}
  m_LightProbeVolumeOverride: {fileID: 0}
  m_ScaleInLightmap: 1
  m_PreserveUVs: 0
  m_IgnoreNormalsForChartDetection: 0
  m_ImportantGI: 0
  m_StitchLightmapSeams: 0
  m_SelectedEditorRenderState: 0
  m_MinimumChartSize: 4
  m_AutoUVMaxDistance: 0.5
  m_AutoUVMaxAngle: 89
  m_LightmapParameters: {fileID: 0}
  m_SortingLayerID: 0
  m_SortingLayer: 0
  m_SortingOrder: 1103
  m_Sprite: {fileID: 21300016, guid: 2c272951d3dd9ad4893e4f57183716fb, type: 3}
  m_Color: {r: 1, g: 1, b: 1, a: 1}
  m_FlipX: 0
  m_FlipY: 0
  m_DrawMode: 0
  m_Size: {x: 5.28, y: 3.44}
  m_AdaptiveModeThreshold: 0.5
  m_SpriteTileMode: 0
  m_WasSpriteAssigned: 1
  m_MaskInteraction: 0
--- !u!212 &212436610085624342
SpriteRenderer:
  m_ObjectHideFlags: 1
  m_PrefabParentObject: {fileID: 0}
  m_PrefabInternal: {fileID: 100100000}
  m_GameObject: {fileID: 1894298950760206}
  m_Enabled: 1
  m_CastShadows: 0
  m_ReceiveShadows: 0
  m_DynamicOccludee: 1
  m_MotionVectors: 1
  m_LightProbeUsage: 1
  m_ReflectionProbeUsage: 1
  m_RenderingLayerMask: 4294967295
  m_Materials:
  - {fileID: 10754, guid: 0000000000000000f000000000000000, type: 0}
  m_StaticBatchInfo:
    firstSubMesh: 0
    subMeshCount: 0
  m_StaticBatchRoot: {fileID: 0}
  m_ProbeAnchor: {fileID: 0}
  m_LightProbeVolumeOverride: {fileID: 0}
  m_ScaleInLightmap: 1
  m_PreserveUVs: 0
  m_IgnoreNormalsForChartDetection: 0
  m_ImportantGI: 0
  m_StitchLightmapSeams: 0
  m_SelectedEditorRenderState: 0
  m_MinimumChartSize: 4
  m_AutoUVMaxDistance: 0.5
  m_AutoUVMaxAngle: 89
  m_LightmapParameters: {fileID: 0}
  m_SortingLayerID: 0
  m_SortingLayer: 0
  m_SortingOrder: 1115
  m_Sprite: {fileID: 21300000, guid: 2c272951d3dd9ad4893e4f57183716fb, type: 3}
  m_Color: {r: 1, g: 1, b: 1, a: 1}
  m_FlipX: 0
  m_FlipY: 0
  m_DrawMode: 0
  m_Size: {x: 4.15, y: 2.71}
  m_AdaptiveModeThreshold: 0.5
  m_SpriteTileMode: 0
  m_WasSpriteAssigned: 1
  m_MaskInteraction: 0
