%YAML 1.1
%TAG !u! tag:unity3d.com,2011:
--- !u!1001 &100100000
Prefab:
  m_ObjectHideFlags: 1
  serializedVersion: 2
  m_Modification:
    m_TransformParent: {fileID: 0}
    m_Modifications: []
    m_RemovedComponents: []
  m_ParentPrefab: {fileID: 0}
  m_RootGameObject: {fileID: 1309230607959668}
  m_IsPrefabParent: 1
--- !u!1 &1003826400562846
GameObject:
  m_ObjectHideFlags: 1
  m_PrefabParentObject: {fileID: 0}
  m_PrefabInternal: {fileID: 100100000}
  serializedVersion: 5
  m_Component:
  - component: {fileID: 4665202369409720}
  - component: {fileID: 212720225285499444}
  - component: {fileID: 60850042290811310}
  - component: {fileID: 114336246234157320}
  m_Layer: 10
  m_Name: leg_front
  m_TagString: part
  m_Icon: {fileID: 0}
  m_NavMeshLayer: 0
  m_StaticEditorFlags: 0
  m_IsActive: 1
--- !u!1 &1054835269274168
GameObject:
  m_ObjectHideFlags: 1
  m_PrefabParentObject: {fileID: 0}
  m_PrefabInternal: {fileID: 100100000}
  serializedVersion: 5
  m_Component:
  - component: {fileID: 4122111062391518}
  - component: {fileID: 212079623450122882}
  - component: {fileID: 60167120074578768}
  - component: {fileID: 114654555966435278}
  m_Layer: 10
  m_Name: ear_1
  m_TagString: part
  m_Icon: {fileID: 0}
  m_NavMeshLayer: 0
  m_StaticEditorFlags: 0
  m_IsActive: 1
--- !u!1 &1226135622123658
GameObject:
  m_ObjectHideFlags: 1
  m_PrefabParentObject: {fileID: 0}
  m_PrefabInternal: {fileID: 100100000}
  serializedVersion: 5
  m_Component:
  - component: {fileID: 4667770628781538}
  - component: {fileID: 212166427509423262}
  - component: {fileID: 60129278355401074}
  - component: {fileID: 114342421333567960}
  m_Layer: 10
  m_Name: tail
  m_TagString: part
  m_Icon: {fileID: 0}
  m_NavMeshLayer: 0
  m_StaticEditorFlags: 0
  m_IsActive: 1
--- !u!1 &1252871646684648
GameObject:
  m_ObjectHideFlags: 0
  m_PrefabParentObject: {fileID: 0}
  m_PrefabInternal: {fileID: 100100000}
  serializedVersion: 5
  m_Component:
  - component: {fileID: 4674031784483696}
  - component: {fileID: 212984476136679050}
  m_Layer: 10
  m_Name: parent_3
  m_TagString: Untagged
  m_Icon: {fileID: 0}
  m_NavMeshLayer: 0
  m_StaticEditorFlags: 0
  m_IsActive: 1
--- !u!1 &1263316163549876
GameObject:
  m_ObjectHideFlags: 1
  m_PrefabParentObject: {fileID: 0}
  m_PrefabInternal: {fileID: 100100000}
  serializedVersion: 5
  m_Component:
  - component: {fileID: 4739921217190100}
  - component: {fileID: 212845860183572426}
  - component: {fileID: 60194081632621306}
  - component: {fileID: 114680613843553672}
  m_Layer: 10
  m_Name: ear_2
  m_TagString: part
  m_Icon: {fileID: 0}
  m_NavMeshLayer: 0
  m_StaticEditorFlags: 0
  m_IsActive: 1
--- !u!1 &1266552513501282
GameObject:
  m_ObjectHideFlags: 1
  m_PrefabParentObject: {fileID: 0}
  m_PrefabInternal: {fileID: 100100000}
  serializedVersion: 5
  m_Component:
  - component: {fileID: 4185132695319122}
  - component: {fileID: 212442602105775808}
  - component: {fileID: 60303959549367472}
  - component: {fileID: 114498430076798824}
  m_Layer: 10
  m_Name: tail_fur
  m_TagString: part
  m_Icon: {fileID: 0}
  m_NavMeshLayer: 0
  m_StaticEditorFlags: 0
  m_IsActive: 1
--- !u!1 &1301033343441024
GameObject:
  m_ObjectHideFlags: 1
  m_PrefabParentObject: {fileID: 0}
  m_PrefabInternal: {fileID: 100100000}
  serializedVersion: 5
  m_Component:
  - component: {fileID: 4069721851266080}
  - component: {fileID: 212289915981640256}
  - component: {fileID: 60244633639000454}
  - component: {fileID: 114739776891478998}
  m_Layer: 10
  m_Name: mouth
  m_TagString: part
  m_Icon: {fileID: 0}
  m_NavMeshLayer: 0
  m_StaticEditorFlags: 0
  m_IsActive: 1
--- !u!1 &1309230607959668
GameObject:
  m_ObjectHideFlags: 0
  m_PrefabParentObject: {fileID: 0}
  m_PrefabInternal: {fileID: 100100000}
  serializedVersion: 5
  m_Component:
  - component: {fileID: 4849279763007182}
  - component: {fileID: 212176910132632930}
  m_Layer: 10
  m_Name: savannah_zebra
  m_TagString: Untagged
  m_Icon: {fileID: 0}
  m_NavMeshLayer: 0
  m_StaticEditorFlags: 0
  m_IsActive: 1
--- !u!1 &1314969604169886
GameObject:
  m_ObjectHideFlags: 1
  m_PrefabParentObject: {fileID: 0}
  m_PrefabInternal: {fileID: 100100000}
  serializedVersion: 5
  m_Component:
  - component: {fileID: 4951467558831880}
  - component: {fileID: 212505960276352544}
  - component: {fileID: 60217311323754626}
  - component: {fileID: 114793537467299070}
  m_Layer: 10
  m_Name: body
  m_TagString: part
  m_Icon: {fileID: 0}
  m_NavMeshLayer: 0
  m_StaticEditorFlags: 0
  m_IsActive: 1
--- !u!1 &1368634119077198
GameObject:
  m_ObjectHideFlags: 1
  m_PrefabParentObject: {fileID: 0}
  m_PrefabInternal: {fileID: 100100000}
  serializedVersion: 5
  m_Component:
  - component: {fileID: 4390940823432504}
  - component: {fileID: 212547562800082332}
  - component: {fileID: 60239944764756862}
  - component: {fileID: 114801988961870380}
  m_Layer: 10
  m_Name: leg_back
  m_TagString: part
  m_Icon: {fileID: 0}
  m_NavMeshLayer: 0
  m_StaticEditorFlags: 0
  m_IsActive: 1
--- !u!1 &1439115662543524
GameObject:
  m_ObjectHideFlags: 1
  m_PrefabParentObject: {fileID: 0}
  m_PrefabInternal: {fileID: 100100000}
  serializedVersion: 5
  m_Component:
  - component: {fileID: 4083421282862424}
  - component: {fileID: 212169629655965886}
  - component: {fileID: 60744800683149026}
  - component: {fileID: 114102458683577458}
  m_Layer: 10
  m_Name: mane
  m_TagString: part
  m_Icon: {fileID: 0}
  m_NavMeshLayer: 0
  m_StaticEditorFlags: 0
  m_IsActive: 1
--- !u!1 &1476279030898224
GameObject:
  m_ObjectHideFlags: 0
  m_PrefabParentObject: {fileID: 0}
  m_PrefabInternal: {fileID: 100100000}
  serializedVersion: 5
  m_Component:
  - component: {fileID: 4057433160030814}
  - component: {fileID: 212400115826194826}
  m_Layer: 10
  m_Name: parent_1
  m_TagString: Untagged
  m_Icon: {fileID: 0}
  m_NavMeshLayer: 0
  m_StaticEditorFlags: 0
  m_IsActive: 1
--- !u!1 &1518248609430188
GameObject:
  m_ObjectHideFlags: 0
  m_PrefabParentObject: {fileID: 0}
  m_PrefabInternal: {fileID: 100100000}
  serializedVersion: 5
  m_Component:
  - component: {fileID: 4895796807914646}
  - component: {fileID: 212120062042987454}
  m_Layer: 10
  m_Name: parent_2
  m_TagString: Untagged
  m_Icon: {fileID: 0}
  m_NavMeshLayer: 0
  m_StaticEditorFlags: 0
  m_IsActive: 1
--- !u!1 &1545734429836992
GameObject:
  m_ObjectHideFlags: 0
  m_PrefabParentObject: {fileID: 0}
  m_PrefabInternal: {fileID: 100100000}
  serializedVersion: 5
  m_Component:
  - component: {fileID: 4700254875657196}
  - component: {fileID: 212733317715682738}
  - component: {fileID: 114324395507258778}
  m_Layer: 10
  m_Name: eye
  m_TagString: Untagged
  m_Icon: {fileID: 0}
  m_NavMeshLayer: 0
  m_StaticEditorFlags: 0
  m_IsActive: 1
--- !u!1 &1695381002629408
GameObject:
  m_ObjectHideFlags: 0
  m_PrefabParentObject: {fileID: 0}
  m_PrefabInternal: {fileID: 100100000}
  serializedVersion: 5
  m_Component:
  - component: {fileID: 4365190524483684}
  - component: {fileID: 212957596681659602}
  - component: {fileID: 60181746534693972}
  - component: {fileID: 114264351057006670}
  m_Layer: 10
  m_Name: stripe
  m_TagString: part
  m_Icon: {fileID: 0}
  m_NavMeshLayer: 0
  m_StaticEditorFlags: 0
  m_IsActive: 1
--- !u!1 &1980246448266252
GameObject:
  m_ObjectHideFlags: 1
  m_PrefabParentObject: {fileID: 0}
  m_PrefabInternal: {fileID: 100100000}
  serializedVersion: 5
  m_Component:
  - component: {fileID: 4045685002310150}
  - component: {fileID: 212074600434412996}
  - component: {fileID: 60876954731556854}
  - component: {fileID: 114088834951691874}
  m_Layer: 10
  m_Name: ear_inside
  m_TagString: part
  m_Icon: {fileID: 0}
  m_NavMeshLayer: 0
  m_StaticEditorFlags: 0
  m_IsActive: 1
--- !u!4 &4045685002310150
Transform:
  m_ObjectHideFlags: 1
  m_PrefabParentObject: {fileID: 0}
  m_PrefabInternal: {fileID: 100100000}
  m_GameObject: {fileID: 1980246448266252}
  m_LocalRotation: {x: -0, y: -0, z: -0, w: 1}
  m_LocalPosition: {x: -2.4717023, y: 2.6190076, z: 0}
  m_LocalScale: {x: 0.43292215, y: 0.36785284, z: 1}
  m_Children: []
  m_Father: {fileID: 4895796807914646}
  m_RootOrder: 0
  m_LocalEulerAnglesHint: {x: 0, y: 0, z: 0}
--- !u!4 &4057433160030814
Transform:
  m_ObjectHideFlags: 1
  m_PrefabParentObject: {fileID: 0}
  m_PrefabInternal: {fileID: 100100000}
  m_GameObject: {fileID: 1476279030898224}
  m_LocalRotation: {x: 0, y: 0, z: 0, w: 1}
  m_LocalPosition: {x: 0, y: 0, z: 0}
  m_LocalScale: {x: 1, y: 1, z: 1}
  m_Children:
  - {fileID: 4951467558831880}
  - {fileID: 4122111062391518}
  - {fileID: 4739921217190100}
  - {fileID: 4667770628781538}
  - {fileID: 4665202369409720}
  - {fileID: 4390940823432504}
  m_Father: {fileID: 4849279763007182}
  m_RootOrder: 2
  m_LocalEulerAnglesHint: {x: 0, y: 0, z: 0}
--- !u!4 &4069721851266080
Transform:
  m_ObjectHideFlags: 1
  m_PrefabParentObject: {fileID: 0}
  m_PrefabInternal: {fileID: 100100000}
  m_GameObject: {fileID: 1301033343441024}
  m_LocalRotation: {x: -0, y: -0, z: -0, w: 1}
  m_LocalPosition: {x: -3.3063035, y: 1.1535033, z: 0}
  m_LocalScale: {x: 0.35714576, y: 0.36938184, z: 1}
  m_Children: []
  m_Father: {fileID: 4895796807914646}
  m_RootOrder: 1
  m_LocalEulerAnglesHint: {x: 0, y: 0, z: 0}
--- !u!4 &4083421282862424
Transform:
  m_ObjectHideFlags: 1
  m_PrefabParentObject: {fileID: 0}
  m_PrefabInternal: {fileID: 100100000}
  m_GameObject: {fileID: 1439115662543524}
  m_LocalRotation: {x: -0, y: -0, z: -0, w: 1}
  m_LocalPosition: {x: -1.4655015, y: 2.2090068, z: 0}
  m_LocalScale: {x: 0.47537923, y: 0.48202905, z: 1}
  m_Children: []
  m_Father: {fileID: 4674031784483696}
  m_RootOrder: 0
  m_LocalEulerAnglesHint: {x: 0, y: 0, z: 0}
--- !u!4 &4122111062391518
Transform:
  m_ObjectHideFlags: 1
  m_PrefabParentObject: {fileID: 0}
  m_PrefabInternal: {fileID: 100100000}
  m_GameObject: {fileID: 1054835269274168}
  m_LocalRotation: {x: -0, y: -0, z: -0, w: 1}
  m_LocalPosition: {x: -2.3971999, y: 2.6732998, z: 0}
  m_LocalScale: {x: 0.4907764, y: 0.4935038, z: 1}
  m_Children: []
  m_Father: {fileID: 4057433160030814}
  m_RootOrder: 1
  m_LocalEulerAnglesHint: {x: 0, y: 0, z: 0}
--- !u!4 &4185132695319122
Transform:
  m_ObjectHideFlags: 1
  m_PrefabParentObject: {fileID: 0}
  m_PrefabInternal: {fileID: 100100000}
  m_GameObject: {fileID: 1266552513501282}
  m_LocalRotation: {x: -0, y: -0, z: -0, w: 1}
  m_LocalPosition: {x: 3.3222032, y: -0.43310124, z: 0}
  m_LocalScale: {x: 0.35895947, y: 0.35833648, z: 1}
  m_Children: []
  m_Father: {fileID: 4674031784483696}
  m_RootOrder: 1
  m_LocalEulerAnglesHint: {x: 0, y: 0, z: 0}
--- !u!4 &4365190524483684
Transform:
  m_ObjectHideFlags: 1
  m_PrefabParentObject: {fileID: 0}
  m_PrefabInternal: {fileID: 100100000}
  m_GameObject: {fileID: 1695381002629408}
  m_LocalRotation: {x: -0, y: -0, z: -0, w: 1}
  m_LocalPosition: {x: -0.439, y: 0.008, z: 0}
  m_LocalScale: {x: 0.9118423, y: 0.91579974, z: 1.0000024}
  m_Children: []
  m_Father: {fileID: 4849279763007182}
  m_RootOrder: 1
  m_LocalEulerAnglesHint: {x: 0, y: 0, z: 0}
--- !u!4 &4390940823432504
Transform:
  m_ObjectHideFlags: 1
  m_PrefabParentObject: {fileID: 0}
  m_PrefabInternal: {fileID: 100100000}
  m_GameObject: {fileID: 1368634119077198}
  m_LocalRotation: {x: -0, y: -0, z: -0, w: 1}
  m_LocalPosition: {x: 0.39079997, y: -1.5744998, z: 0}
  m_LocalScale: {x: 0.6917972, y: 0.69754684, z: 1}
  m_Children: []
  m_Father: {fileID: 4057433160030814}
  m_RootOrder: 5
  m_LocalEulerAnglesHint: {x: 0, y: 0, z: 0}
--- !u!4 &4665202369409720
Transform:
  m_ObjectHideFlags: 1
  m_PrefabParentObject: {fileID: 0}
  m_PrefabInternal: {fileID: 100100000}
  m_GameObject: {fileID: 1003826400562846}
  m_LocalRotation: {x: -0, y: -0, z: -0, w: 1}
  m_LocalPosition: {x: 0.6187999, y: -1.2075, z: 0}
  m_LocalScale: {x: 0.7437553, y: 0.75972706, z: 1}
  m_Children: []
  m_Father: {fileID: 4057433160030814}
  m_RootOrder: 4
  m_LocalEulerAnglesHint: {x: 0, y: 0, z: 0}
--- !u!4 &4667770628781538
Transform:
  m_ObjectHideFlags: 1
  m_PrefabParentObject: {fileID: 0}
  m_PrefabInternal: {fileID: 100100000}
  m_GameObject: {fileID: 1226135622123658}
  m_LocalRotation: {x: -0, y: -0, z: -0, w: 1}
  m_LocalPosition: {x: 2.807, y: 0.7261, z: 0}
  m_LocalScale: {x: 0.33868223, y: 0.36428434, z: 1}
  m_Children: []
  m_Father: {fileID: 4057433160030814}
  m_RootOrder: 3
  m_LocalEulerAnglesHint: {x: 0, y: 0, z: 0}
--- !u!4 &4674031784483696
Transform:
  m_ObjectHideFlags: 1
  m_PrefabParentObject: {fileID: 0}
  m_PrefabInternal: {fileID: 100100000}
  m_GameObject: {fileID: 1252871646684648}
  m_LocalRotation: {x: -0, y: -0, z: -0, w: 1}
  m_LocalPosition: {x: 0, y: 0, z: 0}
  m_LocalScale: {x: 0.999999, y: 0.999997, z: 1.0000024}
  m_Children:
  - {fileID: 4083421282862424}
  - {fileID: 4185132695319122}
  m_Father: {fileID: 4849279763007182}
  m_RootOrder: 4
  m_LocalEulerAnglesHint: {x: 0, y: 0, z: 0}
--- !u!4 &4700254875657196
Transform:
  m_ObjectHideFlags: 1
  m_PrefabParentObject: {fileID: 0}
  m_PrefabInternal: {fileID: 100100000}
  m_GameObject: {fileID: 1545734429836992}
  m_LocalRotation: {x: -0, y: -0, z: -0, w: 1}
  m_LocalPosition: {x: -3.0367, y: 1.6545, z: 0}
  m_LocalScale: {x: 0.37581727, y: 0.37293643, z: 1.0000024}
  m_Children: []
  m_Father: {fileID: 4849279763007182}
  m_RootOrder: 0
  m_LocalEulerAnglesHint: {x: 0, y: 0, z: 0}
--- !u!4 &4739921217190100
Transform:
  m_ObjectHideFlags: 1
  m_PrefabParentObject: {fileID: 0}
  m_PrefabInternal: {fileID: 100100000}
  m_GameObject: {fileID: 1263316163549876}
  m_LocalRotation: {x: -0, y: -0, z: -0, w: 1}
  m_LocalPosition: {x: -2.7837, y: 2.6613998, z: 0}
  m_LocalScale: {x: 0.3933402, y: 0.3678483, z: 1}
  m_Children: []
  m_Father: {fileID: 4057433160030814}
  m_RootOrder: 2
  m_LocalEulerAnglesHint: {x: 0, y: 0, z: 0}
--- !u!4 &4849279763007182
Transform:
  m_ObjectHideFlags: 1
  m_PrefabParentObject: {fileID: 0}
  m_PrefabInternal: {fileID: 100100000}
  m_GameObject: {fileID: 1309230607959668}
  m_LocalRotation: {x: -0, y: -0, z: -0, w: 1}
  m_LocalPosition: {x: -0.0445, y: -0.0039, z: 0}
  m_LocalScale: {x: 0.1262892, y: 0.17640612, z: 0.12628923}
  m_Children:
  - {fileID: 4700254875657196}
  - {fileID: 4365190524483684}
  - {fileID: 4057433160030814}
  - {fileID: 4895796807914646}
  - {fileID: 4674031784483696}
  m_Father: {fileID: 0}
  m_RootOrder: 0
  m_LocalEulerAnglesHint: {x: 0, y: 0, z: 0}
--- !u!4 &4895796807914646
Transform:
  m_ObjectHideFlags: 1
  m_PrefabParentObject: {fileID: 0}
  m_PrefabInternal: {fileID: 100100000}
  m_GameObject: {fileID: 1518248609430188}
  m_LocalRotation: {x: -0, y: -0, z: -0, w: 1}
  m_LocalPosition: {x: 0, y: 0, z: 0}
  m_LocalScale: {x: 0.999999, y: 0.999997, z: 1.0000024}
  m_Children:
  - {fileID: 4045685002310150}
  - {fileID: 4069721851266080}
  m_Father: {fileID: 4849279763007182}
  m_RootOrder: 3
  m_LocalEulerAnglesHint: {x: 0, y: 0, z: 0}
--- !u!4 &4951467558831880
Transform:
  m_ObjectHideFlags: 1
  m_PrefabParentObject: {fileID: 0}
  m_PrefabInternal: {fileID: 100100000}
  m_GameObject: {fileID: 1314969604169886}
  m_LocalRotation: {x: -0, y: -0, z: -0, w: 1}
  m_LocalPosition: {x: -0.4609999, y: 0.93759996, z: 0}
  m_LocalScale: {x: 1.1651286, y: 1.1777601, z: 1}
  m_Children: []
  m_Father: {fileID: 4057433160030814}
  m_RootOrder: 0
  m_LocalEulerAnglesHint: {x: 0, y: 0, z: 0}
--- !u!60 &60129278355401074
PolygonCollider2D:
  m_ObjectHideFlags: 1
  m_PrefabParentObject: {fileID: 0}
  m_PrefabInternal: {fileID: 100100000}
  m_GameObject: {fileID: 1226135622123658}
  m_Enabled: 1
  m_Density: 1
  m_Material: {fileID: 0}
  m_IsTrigger: 0
  m_UsedByEffector: 0
  m_UsedByComposite: 0
  m_Offset: {x: 0, y: 0}
  m_SpriteTilingProperty:
    border: {x: 0, y: 0, z: 0, w: 0}
    pivot: {x: 0.5, y: 0.5}
    oldSize: {x: 2.2, y: 3.32}
    newSize: {x: 5.26, y: 2.72}
    adaptiveTilingThreshold: 0.5
    drawMode: 0
    adaptiveTiling: 0
  m_AutoTiling: 0
  m_Points:
    m_Paths:
    - - {x: 0.52, y: -0.08}
      - {x: 0.17999999, y: 0.53999996}
      - {x: -0.24, y: 1.12}
      - {x: -0.58, y: 1.4399999}
      - {x: -1, y: 1.66}
      - {x: -1.04, y: 1.66}
      - {x: -1.06, y: 1.5999999}
      - {x: -0.71999997, y: 0.94}
      - {x: -0.58, y: 0.88}
      - {x: 0.099999994, y: -0.04}
      - {x: 0.48, y: -0.74}
      - {x: 0.78, y: -1.3199999}
      - {x: 0.9, y: -1.5799999}
      - {x: 0.96, y: -1.66}
      - {x: 1.06, y: -1.66}
      - {x: 1.12, y: -1.64}
      - {x: 1.12, y: -1.36}
      - {x: 0.84, y: -0.74}
--- !u!60 &60167120074578768
PolygonCollider2D:
  m_ObjectHideFlags: 1
  m_PrefabParentObject: {fileID: 0}
  m_PrefabInternal: {fileID: 100100000}
  m_GameObject: {fileID: 1054835269274168}
  m_Enabled: 1
  m_Density: 1
  m_Material: {fileID: 0}
  m_IsTrigger: 0
  m_UsedByEffector: 0
  m_UsedByComposite: 0
  m_Offset: {x: 0, y: 0}
  m_SpriteTilingProperty:
    border: {x: 0, y: 0, z: 0, w: 0}
    pivot: {x: 0.5, y: 0.5}
    oldSize: {x: 0.68, y: 2.14}
    newSize: {x: 5.26, y: 2.72}
    adaptiveTilingThreshold: 0.5
    drawMode: 0
    adaptiveTiling: 0
  m_AutoTiling: 0
  m_Points:
    m_Paths:
    - - {x: 0.29999998, y: 0.32999998}
      - {x: -0.04, y: 1.09}
      - {x: -0.22, y: 1.09}
      - {x: -0.24, y: 1.0699999}
      - {x: -0.34, y: 0.72999996}
      - {x: -0.34, y: -0.19}
      - {x: -0.29999998, y: -0.47}
      - {x: -0.26, y: -0.72999996}
      - {x: -0.22, y: -0.93}
      - {x: -0.16, y: -1.01}
      - {x: -0.12, y: -1.01}
      - {x: -0.06, y: -0.98999995}
      - {x: -0.099999994, y: -0.65}
      - {x: -0.17999999, y: 0.29}
      - {x: -0.08, y: -0.21}
      - {x: -0.06, y: -1.03}
      - {x: -0.02, y: -1.0699999}
      - {x: 0.17999999, y: -1.0699999}
      - {x: 0.29999998, y: -1.05}
      - {x: 0.35999998, y: -0.98999995}
      - {x: 0.35999998, y: -0.41}
      - {x: 0.34, y: 0.01}
--- !u!60 &60181746534693972
PolygonCollider2D:
  m_ObjectHideFlags: 1
  m_PrefabParentObject: {fileID: 0}
  m_PrefabInternal: {fileID: 100100000}
  m_GameObject: {fileID: 1695381002629408}
  m_Enabled: 1
  m_Density: 1
  m_Material: {fileID: 0}
  m_IsTrigger: 0
  m_UsedByEffector: 0
  m_UsedByComposite: 0
  m_Offset: {x: 0, y: 0}
  m_SpriteTilingProperty:
    border: {x: 0, y: 0, z: 0, w: 0}
    pivot: {x: 0.5, y: 0.5}
    oldSize: {x: 6.73, y: 6.58}
    newSize: {x: 5.26, y: 2.72}
    adaptiveTilingThreshold: 0.5
    drawMode: 0
    adaptiveTiling: 0
  m_AutoTiling: 0
  m_Points:
    m_Paths:
    - - {x: -0.34, y: -2.79}
      - {x: -0.44, y: -2.77}
      - {x: -0.22, y: -2.77}
      - {x: -0.22, y: -2.61}
      - {x: -0.7, y: -2.31}
      - {x: -0.85999995, y: -2.31}
      - {x: -0.97999996, y: -2.37}
      - {x: -1, y: -2.45}
      - {x: -1, y: -2.73}
      - {x: -0.74, y: -2.85}
      - {x: -0.78, y: -3.01}
      - {x: -0.82, y: -3.1499999}
      - {x: -0.74, y: -3.23}
      - {x: -0.5, y: -3.27}
      - {x: -0.42, y: -3.27}
      - {x: -0.34, y: -3.21}
      - {x: -0.22, y: -3.1299999}
      - {x: -0.22, y: -2.97}
    - - {x: 2.5, y: -2.85}
      - {x: 2.5, y: -3.07}
      - {x: 2.6599998, y: -3.1899998}
      - {x: 2.9199998, y: -3.1899998}
      - {x: 2.96, y: -3.1699998}
      - {x: 2.96, y: -2.85}
    - - {x: 2.8999999, y: -2.79}
      - {x: 2.84, y: -2.83}
      - {x: 2.84, y: -2.87}
      - {x: 2.86, y: -2.9099998}
      - {x: 3.08, y: -2.9099998}
      - {x: 3.12, y: -2.87}
      - {x: 3.12, y: -2.79}
    - - {x: 2.62, y: -2.49}
      - {x: 2.58, y: -2.53}
      - {x: 2.58, y: -2.69}
      - {x: 2.72, y: -2.71}
      - {x: 3.1399999, y: -2.71}
      - {x: 3.1399999, y: -2.55}
      - {x: 2.9399998, y: -2.49}
    - - {x: -0.28, y: -2.37}
      - {x: -0.44, y: -2.45}
      - {x: -0.44, y: -2.49}
      - {x: -0.35999998, y: -2.55}
      - {x: -0.26, y: -2.53}
      - {x: -0.19999999, y: -2.51}
      - {x: -0.19999999, y: -2.4099998}
      - {x: -0.22, y: -2.37}
    - - {x: 2.8, y: -2.35}
      - {x: 2.78, y: -2.3899999}
      - {x: 2.78, y: -2.47}
      - {x: 2.84, y: -2.53}
      - {x: 3.1399999, y: -2.53}
      - {x: 3.1399999, y: -2.3899999}
      - {x: 2.9399998, y: -2.35}
    - - {x: 2.6399999, y: -2.25}
      - {x: 2.44, y: -2.25}
      - {x: 2.4199998, y: -2.27}
      - {x: 2.4199998, y: -2.37}
      - {x: 2.48, y: -2.4099998}
      - {x: 2.74, y: -2.4099998}
      - {x: 2.78, y: -2.37}
      - {x: 2.78, y: -2.31}
      - {x: 2.74, y: -2.27}
    - - {x: 3.06, y: -2.19}
      - {x: 2.9199998, y: -2.25}
      - {x: 2.9199998, y: -2.35}
      - {x: 2.96, y: -2.3899999}
      - {x: 3.1399999, y: -2.3899999}
      - {x: 3.1799998, y: -2.29}
      - {x: 3.1799998, y: -2.19}
    - - {x: -0.71999997, y: -2.27}
      - {x: -0.59999996, y: -2.33}
      - {x: -0.34, y: -2.33}
      - {x: -0.17999999, y: -2.27}
      - {x: -0.17999999, y: -2.11}
      - {x: -0.7, y: -2.11}
      - {x: -0.71999997, y: -2.1499999}
    - - {x: 2.7, y: -1.93}
      - {x: 2.6, y: -2.03}
      - {x: 2.58, y: -2.09}
      - {x: 2.6, y: -2.07}
      - {x: 2.5, y: -2.07}
      - {x: 2.46, y: -2.11}
      - {x: 2.46, y: -2.21}
      - {x: 2.58, y: -2.27}
      - {x: 2.82, y: -2.27}
      - {x: 2.82, y: -1.9699999}
      - {x: 2.78, y: -1.93}
    - - {x: 3.1, y: -2.01}
      - {x: 3.24, y: -1.99}
      - {x: 3.3799999, y: -1.77}
      - {x: 3.3799999, y: -1.61}
      - {x: 3.36, y: -1.5699999}
      - {x: 3.1999998, y: -1.5699999}
      - {x: 2.86, y: -1.73}
      - {x: 2.84, y: -1.93}
      - {x: 2.84, y: -2.19}
      - {x: 3.1599998, y: -2.19}
      - {x: 3.22, y: -2.11}
      - {x: 3.22, y: -2.05}
      - {x: 3.1799998, y: -2.01}
    - - {x: -0.17999999, y: -1.8299999}
      - {x: -0.24, y: -1.8299999}
      - {x: -0.53999996, y: -1.9499999}
      - {x: -0.62, y: -2.05}
      - {x: -0.59999996, y: -2.11}
      - {x: -0.5, y: -2.11}
      - {x: -0.32, y: -2.09}
      - {x: -0.16, y: -1.9699999}
      - {x: -0.16, y: -1.87}
    - - {x: 2.8999999, y: -1.6899999}
      - {x: 3.04, y: -1.4499999}
      - {x: 3.04, y: -1.27}
      - {x: 2.86, y: -1.27}
      - {x: 2.58, y: -1.35}
      - {x: 2.52, y: -1.6899999}
      - {x: 2.52, y: -1.91}
      - {x: 2.6, y: -1.9499999}
      - {x: 2.82, y: -1.9499999}
      - {x: 2.8999999, y: -1.77}
      - {x: 2.82, y: -1.73}
      - {x: 2.86, y: -1.73}
    - - {x: -0.64, y: -1.73}
      - {x: -0.68, y: -1.77}
      - {x: -0.68, y: -1.8299999}
      - {x: -0.64, y: -1.87}
      - {x: -0.45999998, y: -1.87}
      - {x: -0.42, y: -1.8299999}
      - {x: -0.42, y: -1.77}
      - {x: -0.45999998, y: -1.73}
    - - {x: -0.26, y: -1.5899999}
      - {x: -0.45999998, y: -1.63}
      - {x: -0.5, y: -1.67}
      - {x: -0.48, y: -1.73}
      - {x: -0.26, y: -1.73}
      - {x: -0.12, y: -1.67}
      - {x: -0.12, y: -1.65}
      - {x: -0.14, y: -1.5899999}
    - - {x: -0.58, y: -1.53}
      - {x: -0.65999997, y: -1.61}
      - {x: -0.62, y: -1.67}
      - {x: -0.5, y: -1.67}
      - {x: -0.48, y: -1.63}
      - {x: -0.48, y: -1.55}
      - {x: -0.52, y: -1.53}
    - - {x: 3.1999998, y: -1.27}
      - {x: 3, y: -1.49}
      - {x: 3, y: -1.5899999}
      - {x: 3.12, y: -1.5899999}
      - {x: 3.1799998, y: -1.5699999}
      - {x: 3.3, y: -1.4499999}
      - {x: 3.3, y: -1.35}
      - {x: 3.28, y: -1.27}
    - - {x: -0.65999997, y: -1.25}
      - {x: -0.71999997, y: -1.27}
      - {x: -0.71999997, y: -1.37}
      - {x: -0.7, y: -1.41}
      - {x: -0.29999998, y: -1.49}
      - {x: -0.08, y: -1.49}
      - {x: -0.04, y: -1.4499999}
      - {x: -0.04, y: -1.25}
    - - {x: 2.98, y: -0.93}
      - {x: 2.48, y: -1.2099999}
      - {x: 2.48, y: -1.29}
      - {x: 2.56, y: -1.35}
      - {x: 2.6399999, y: -1.35}
      - {x: 3.1599998, y: -1.1899999}
      - {x: 3.1599998, y: -0.93}
    - - {x: -0.42, y: -0.84999996}
      - {x: -0.52, y: -0.95}
      - {x: -0.5, y: -1.01}
      - {x: -0.38, y: -1.01}
      - {x: -0.19999999, y: -1.05}
      - {x: -0.58, y: -1.01}
      - {x: -0.62, y: -0.90999997}
      - {x: -0.78, y: -0.93}
      - {x: -0.78, y: -1.13}
      - {x: -0.59999996, y: -1.23}
      - {x: -0.08, y: -1.23}
      - {x: -0.08, y: -0.87}
      - {x: -0.28, y: -0.84999996}
    - - {x: 2.48, y: -0.89}
      - {x: 2.48, y: -1.13}
      - {x: 2.62, y: -1.13}
      - {x: 3.1799998, y: -0.66999996}
      - {x: 3.1799998, y: -0.41}
      - {x: 3.1, y: -0.41}
      - {x: 2.76, y: -0.57}
    - - {x: -0.08, y: -0.69}
      - {x: -0.14, y: -0.63}
      - {x: -0.099999994, y: -0.61}
      - {x: 0.04, y: -0.47}
      - {x: 0.19999999, y: -0.57}
      - {x: 0.32, y: -0.53}
      - {x: 0.32, y: -0.17}
      - {x: 0.12, y: 0.39}
      - {x: -0.099999994, y: 0.81}
      - {x: -0.17999999, y: 1.29}
      - {x: -0.02, y: 1.8499999}
      - {x: -0.04, y: 1.91}
      - {x: -0.12, y: 2.01}
      - {x: -0.19999999, y: 2.03}
      - {x: -0.26, y: 1.93}
      - {x: -0.39999998, y: 1.2099999}
      - {x: -0.38, y: 0.77}
      - {x: -0.29999998, y: 0.53}
      - {x: -0.19999999, y: 0.07}
      - {x: -0.14, y: -0.049999997}
      - {x: -0.16, y: -0.01}
      - {x: -0.32, y: 0.17}
      - {x: -0.45999998, y: 0.22999999}
      - {x: -0.56, y: 0.22999999}
      - {x: -0.65999997, y: 0.17}
      - {x: -0.82, y: -0.11}
      - {x: -0.7, y: 0.14999999}
      - {x: -0.42, y: 0.41}
      - {x: -0.48, y: 0.61}
      - {x: -0.68, y: 0.55}
      - {x: -0.7, y: 0.96999997}
      - {x: -0.42, y: 1.4499999}
      - {x: -0.35999998, y: 1.63}
      - {x: -0.24, y: 2.05}
      - {x: -0.29999998, y: 2.19}
      - {x: -0.42, y: 2.27}
      - {x: -0.48, y: 2.25}
      - {x: -0.59999996, y: 2.01}
      - {x: -0.68, y: 1.5899999}
      - {x: -0.94, y: 1.2099999}
      - {x: -1, y: 1.05}
      - {x: -1.06, y: 0.32999998}
      - {x: -1.24, y: 0.14999999}
      - {x: -1.24, y: -0.01}
      - {x: -1.1999999, y: -0.13}
      - {x: -1.02, y: -0.049999997}
      - {x: -1.02, y: -0.37}
      - {x: -0.91999996, y: -0.66999996}
      - {x: -0.84, y: -0.95}
      - {x: -0.53999996, y: -0.95}
      - {x: -0.35999998, y: -0.83}
      - {x: -0.19999999, y: -0.84999996}
      - {x: -0.06, y: -0.77}
    - - {x: 3, y: 0.07}
      - {x: 2.1599998, y: -0.55}
      - {x: 2.1599998, y: -0.75}
      - {x: 2.18, y: -0.81}
      - {x: 2.24, y: -0.81}
      - {x: 3.22, y: -0.29}
      - {x: 3.28, y: -0.14999999}
      - {x: 3.28, y: 0.049999997}
      - {x: 3.22, y: 0.07}
    - - {x: 0.79999995, y: 0.72999996}
      - {x: 0.78, y: 0.69}
      - {x: 0.78, y: -0.71}
      - {x: 1.12, y: -0.71}
      - {x: 1.18, y: -0.59}
      - {x: 1.18, y: -0.01}
      - {x: 0.9, y: 0.72999996}
    - - {x: 1.52, y: 0.48999998}
      - {x: 1.6999999, y: 0.95}
      - {x: 2.22, y: 1.51}
      - {x: 2.3, y: 1.67}
      - {x: 2.3, y: 1.75}
      - {x: 1.9799999, y: 1.75}
      - {x: 1.8199999, y: 1.67}
      - {x: 1.74, y: 1.49}
      - {x: 1.4, y: 1.15}
      - {x: 1.3399999, y: 1.01}
      - {x: 1.3, y: 0.87}
      - {x: 1.18, y: 1.13}
      - {x: 1.42, y: 1.4499999}
      - {x: 1.42, y: 1.61}
      - {x: 1, y: 1.49}
      - {x: 0.7, y: 1.53}
      - {x: 0.5, y: 1.4699999}
      - {x: 0.56, y: 1.25}
      - {x: 0.42, y: 1.55}
      - {x: 0.24, y: 1.61}
      - {x: 0.22, y: 1.55}
      - {x: 0.22, y: 1.3299999}
      - {x: 0.39999998, y: 0.84999996}
      - {x: 0.5, y: 0.32999998}
      - {x: 0.52, y: -0.29}
      - {x: 0.44, y: -0.53}
      - {x: 0.44, y: -0.61}
      - {x: 0.56, y: -0.65}
      - {x: 0.74, y: -0.26999998}
      - {x: 0.78, y: -0.14999999}
      - {x: 0.76, y: 0.42999998}
      - {x: 0.68, y: 0.77}
      - {x: 0.88, y: 0.98999995}
      - {x: 0.97999996, y: 0.77}
      - {x: 1.1, y: 0.57}
      - {x: 1.3399999, y: 0.21}
      - {x: 1.16, y: -0.66999996}
      - {x: 1.22, y: -0.71}
      - {x: 1.5, y: -0.71}
      - {x: 1.54, y: -0.66999996}
      - {x: 1.52, y: -0.48999998}
      - {x: 1.64, y: -0.01}
    - - {x: 1.78, y: -0.35}
      - {x: 1.66, y: -0.57}
      - {x: 1.66, y: -0.71}
      - {x: 1.88, y: -0.71}
      - {x: 1.9599999, y: -0.69}
      - {x: 1.9599999, y: -0.35}
    - - {x: -0.7, y: -0.42999998}
      - {x: -0.68, y: -0.37}
      - {x: -0.74, y: -0.51}
    - - {x: 3.3, y: 0.39}
      - {x: 3.22, y: 0.48999998}
      - {x: 2.74, y: 0.48999998}
      - {x: 2.26, y: 0.21}
      - {x: 2.12, y: 0.03}
      - {x: 1.92, y: -0.25}
      - {x: 1.92, y: -0.42999998}
      - {x: 1.9799999, y: -0.45}
      - {x: 2.06, y: -0.45}
      - {x: 2.6799998, y: 0.01}
      - {x: 3.28, y: 0.17}
      - {x: 3.3, y: 0.21}
    - - {x: 3.04, y: 1.5899999}
      - {x: 2.76, y: 1.7099999}
      - {x: 2.58, y: 1.7099999}
      - {x: 2.24, y: 1.37}
      - {x: 2.1599998, y: 1.27}
      - {x: 2.02, y: 1.11}
      - {x: 1.78, y: 0.65}
      - {x: 1.66, y: 0.21}
      - {x: 1.66, y: -0.01}
      - {x: 1.7199999, y: -0.03}
      - {x: 1.8, y: -0.03}
      - {x: 2.44, y: 0.81}
      - {x: 2.6599998, y: 1.2099999}
      - {x: 3.04, y: 1.49}
    - - {x: -0.88, y: 1.73}
      - {x: -0.74, y: 2.1299999}
      - {x: -0.62, y: 2.3899999}
      - {x: -0.62, y: 2.45}
      - {x: -0.71999997, y: 2.49}
      - {x: -0.76, y: 2.4299998}
      - {x: -0.96, y: 2.05}
      - {x: -1.12, y: 1.49}
      - {x: -1, y: 2.01}
      - {x: -0.79999995, y: 2.51}
      - {x: -0.82, y: 2.61}
      - {x: -0.85999995, y: 2.6299999}
      - {x: -0.94, y: 2.6299999}
      - {x: -1.06, y: 2.4099998}
      - {x: -1.1999999, y: 1.99}
      - {x: -1.24, y: 1.81}
      - {x: -1.28, y: 1.49}
      - {x: -1.3, y: 0.95}
      - {x: -1.38, y: 0.61}
      - {x: -1.5, y: 0.45}
      - {x: -1.5, y: 0.25}
      - {x: -1.36, y: 0.19}
      - {x: -1.28, y: 0.19}
      - {x: -1.18, y: 0.35}
      - {x: -1.04, y: 0.69}
      - {x: -1, y: 0.89}
    - - {x: 0.06, y: 1.8299999}
      - {x: -0.02, y: 1.8299999}
      - {x: -0.08, y: 1.7099999}
      - {x: -0.08, y: 1.2099999}
      - {x: 0.04, y: 0.71}
      - {x: 0.22, y: 0.45}
      - {x: 0.29999998, y: 0.42999998}
      - {x: 0.35999998, y: 0.45}
      - {x: 0.35999998, y: 0.61}
      - {x: 0.17999999, y: 1.73}
    - - {x: -0.52, y: 0.89}
      - {x: -0.56, y: 0.89}
      - {x: -0.68, y: 0.77}
      - {x: -0.68, y: 0.59}
      - {x: -0.58, y: 0.59}
      - {x: -0.5, y: 0.72999996}
      - {x: -0.5, y: 0.84999996}
    - - {x: -1.28, y: 2.45}
      - {x: -1.18, y: 2.6499999}
      - {x: -1.18, y: 2.81}
      - {x: -1.28, y: 2.95}
      - {x: -1.3399999, y: 2.95}
      - {x: -1.38, y: 2.9299998}
      - {x: -1.42, y: 2.81}
      - {x: -1.5999999, y: 2.19}
      - {x: -1.5799999, y: 1.81}
      - {x: -1.54, y: 1.51}
      - {x: -1.64, y: 1.29}
      - {x: -1.88, y: 1.0699999}
      - {x: -1.88, y: 0.95}
      - {x: -1.76, y: 0.71}
      - {x: -1.6999999, y: 0.66999996}
      - {x: -1.62, y: 0.66999996}
      - {x: -1.4399999, y: 0.96999997}
      - {x: -1.3199999, y: 1.37}
      - {x: -1.3199999, y: 2.01}
    - - {x: 2.98, y: 1.17}
      - {x: 2.6799998, y: 0.95}
      - {x: 2.54, y: 0.83}
      - {x: 2.54, y: 0.72999996}
      - {x: 2.98, y: 0.72999996}
      - {x: 3.32, y: 0.93}
      - {x: 3.32, y: 1.17}
    - - {x: -1.74, y: 1.35}
      - {x: -1.74, y: 1.61}
      - {x: -1.76, y: 1.6899999}
      - {x: -2.04, y: 2.23}
      - {x: -2.12, y: 2.21}
      - {x: -2.1, y: 1.9699999}
      - {x: -2.36, y: 1.8499999}
      - {x: -2.56, y: 1.8499999}
      - {x: -2.6599998, y: 1.81}
      - {x: -2.62, y: 1.8499999}
      - {x: -2.54, y: 1.8499999}
      - {x: -2.34, y: 1.87}
      - {x: -2.2, y: 1.9699999}
      - {x: -2.18, y: 2.03}
      - {x: -2.32, y: 2.11}
      - {x: -2.6, y: 2.35}
      - {x: -2.78, y: 2.35}
      - {x: -3.1999998, y: 1.89}
      - {x: -3.36, y: 1.6899999}
      - {x: -3.36, y: 1.55}
      - {x: -3.1399999, y: 1.43}
      - {x: -3, y: 1.43}
      - {x: -2.52, y: 1.65}
      - {x: -2.3799999, y: 1.65}
      - {x: -2.52, y: 1.63}
      - {x: -2.8, y: 1.51}
      - {x: -2.86, y: 1.43}
      - {x: -2.86, y: 1.37}
      - {x: -2.78, y: 1.3299999}
      - {x: -2.72, y: 1.3299999}
      - {x: -2.8, y: 1.25}
      - {x: -2.8999999, y: 1.17}
      - {x: -2.78, y: 1.13}
      - {x: -2.3, y: 1.13}
      - {x: -2.26, y: 1.1899999}
      - {x: -2.22, y: 1.27}
      - {x: -2.12, y: 1.15}
    - - {x: -1.86, y: 3.27}
      - {x: -1.9399999, y: 3.27}
      - {x: -1.9599999, y: 3.25}
      - {x: -1.9599999, y: 2.6299999}
      - {x: -1.7199999, y: 1.91}
      - {x: -1.64, y: 1.91}
      - {x: -1.5999999, y: 1.9499999}
      - {x: -1.62, y: 2.37}
      - {x: -1.76, y: 3.1699998}
    - - {x: -2.56, y: 2.55}
      - {x: -2.6, y: 2.47}
      - {x: -2.6, y: 2.27}
      - {x: -2.32, y: 2.05}
      - {x: -2.1599998, y: 2.05}
      - {x: -2.1599998, y: 2.33}
      - {x: -2.24, y: 2.55}
    - - {x: -2.4199998, y: 3.23}
      - {x: -2.4199998, y: 2.97}
      - {x: -2.3799999, y: 2.69}
      - {x: -2.34, y: 2.6299999}
      - {x: -2.24, y: 2.6299999}
      - {x: -2.1399999, y: 2.6699998}
      - {x: -2.1399999, y: 2.8899999}
      - {x: -2.2, y: 3.1899998}
      - {x: -2.22, y: 3.23}
--- !u!60 &60194081632621306
PolygonCollider2D:
  m_ObjectHideFlags: 1
  m_PrefabParentObject: {fileID: 0}
  m_PrefabInternal: {fileID: 100100000}
  m_GameObject: {fileID: 1263316163549876}
  m_Enabled: 1
  m_Density: 1
  m_Material: {fileID: 0}
  m_IsTrigger: 0
  m_UsedByEffector: 0
  m_UsedByComposite: 0
  m_Offset: {x: 0, y: 0}
  m_SpriteTilingProperty:
    border: {x: 0, y: 0, z: 0, w: 0}
    pivot: {x: 0.5, y: 0.5}
    oldSize: {x: 0.52, y: 2.08}
    newSize: {x: 5.26, y: 2.72}
    adaptiveTilingThreshold: 0.5
    drawMode: 0
    adaptiveTiling: 0
  m_AutoTiling: 0
  m_Points:
    m_Paths:
    - - {x: 0.24, y: 0.59999996}
      - {x: 0.16, y: 0.88}
      - {x: -0.06, y: 1.06}
      - {x: -0.19999999, y: 1.06}
      - {x: -0.26, y: 0.88}
      - {x: -0.26, y: 0.099999994}
      - {x: -0.16, y: -0.56}
      - {x: 0.02, y: -1.04}
      - {x: 0.08, y: -1.04}
      - {x: 0.28, y: -0.88}
      - {x: 0.28, y: -0.62}
      - {x: 0.22, y: -0.12}
--- !u!60 &60217311323754626
PolygonCollider2D:
  m_ObjectHideFlags: 1
  m_PrefabParentObject: {fileID: 0}
  m_PrefabInternal: {fileID: 100100000}
  m_GameObject: {fileID: 1314969604169886}
  m_Enabled: 1
  m_Density: 1
  m_Material: {fileID: 0}
  m_IsTrigger: 0
  m_UsedByEffector: 0
  m_UsedByComposite: 0
  m_Offset: {x: 0, y: 0}
  m_SpriteTilingProperty:
    border: {x: 0, y: 0, z: 0, w: 0}
    pivot: {x: 0.5, y: 0.5}
    oldSize: {x: 5.26, y: 2.72}
    newSize: {x: 5.26, y: 2.72}
    adaptiveTilingThreshold: 0.5
    drawMode: 0
    adaptiveTiling: 0
  m_AutoTiling: 0
  m_Points:
    m_Paths:
    - - {x: 2.53, y: -0.84}
      - {x: 2.6299999, y: -0.62}
      - {x: 2.6499999, y: -0.44}
      - {x: 2.6499999, y: -0.14}
      - {x: 2.61, y: 0.16}
      - {x: 2.49, y: 0.34}
      - {x: 2.3899999, y: 0.45999998}
      - {x: 2.11, y: 0.58}
      - {x: 1.63, y: 0.59999996}
      - {x: 1.09, y: 0.48}
      - {x: 0.84999996, y: 0.38}
      - {x: -0.41, y: 0.62}
      - {x: -1.17, y: 1.24}
      - {x: -1.35, y: 1.3399999}
      - {x: -1.4699999, y: 1.38}
      - {x: -1.73, y: 1.38}
      - {x: -1.8299999, y: 1.3399999}
      - {x: -2.1499999, y: 1.06}
      - {x: -2.6299999, y: 0.56}
      - {x: -2.6299999, y: 0.42}
      - {x: -2.37, y: 0.22}
      - {x: -2.19, y: 0}
      - {x: -1.5899999, y: 0.16}
      - {x: -1.1899999, y: -0.53999996}
      - {x: -0.84999996, y: -1.02}
      - {x: -0.71, y: -1.16}
      - {x: -0.55, y: -1.18}
      - {x: 0.13, y: -1.22}
      - {x: 0.22999999, y: -1.26}
      - {x: 0.37, y: -1.3}
      - {x: 0.55, y: -1.36}
      - {x: 1.49, y: -1.36}
      - {x: 1.5699999, y: -1.3399999}
      - {x: 1.89, y: -1.24}
      - {x: 2.19, y: -1.12}
--- !u!60 &60239944764756862
PolygonCollider2D:
  m_ObjectHideFlags: 1
  m_PrefabParentObject: {fileID: 0}
  m_PrefabInternal: {fileID: 100100000}
  m_GameObject: {fileID: 1368634119077198}
  m_Enabled: 1
  m_Density: 1
  m_Material: {fileID: 0}
  m_IsTrigger: 0
  m_UsedByEffector: 0
  m_UsedByComposite: 0
  m_Offset: {x: 0, y: 0}
  m_SpriteTilingProperty:
    border: {x: 0, y: 0, z: 0, w: 0}
    pivot: {x: 0.5, y: 0.5}
    oldSize: {x: 5.3, y: 3.75}
    newSize: {x: 5.26, y: 2.72}
    adaptiveTilingThreshold: 0.5
    drawMode: 0
    adaptiveTiling: 0
  m_AutoTiling: 0
  m_Points:
    m_Paths:
    - - {x: 2.45, y: -1.2099999}
      - {x: 2.47, y: -1.15}
      - {x: 2.49, y: -0.77}
      - {x: 2.55, y: -0.32999998}
      - {x: 2.6499999, y: 0.07}
      - {x: 2.6499999, y: 0.089999996}
      - {x: 2.61, y: 0.31}
      - {x: 2.47, y: 0.41}
      - {x: 2.23, y: 0.57}
      - {x: 2.1699998, y: 0.59}
      - {x: 2.11, y: 0.57}
      - {x: 2.1499999, y: 0.25}
      - {x: 2.21, y: 0.19}
      - {x: 1.93, y: -1.03}
      - {x: 1.7099999, y: -1.1899999}
      - {x: 1.49, y: -1.55}
      - {x: 1.49, y: -1.81}
      - {x: 1.55, y: -1.8499999}
      - {x: 1.8499999, y: -1.8499999}
      - {x: 2.1299999, y: -1.79}
      - {x: 2.23, y: -1.61}
      - {x: 2.25, y: -1.4499999}
    - - {x: -1.75, y: -0.25}
      - {x: -1.75, y: 0.01}
      - {x: -1.77, y: 0.07}
      - {x: -1.89, y: 0.32999998}
      - {x: -1.91, y: 0.77}
      - {x: -2.19, y: 1.4699999}
      - {x: -2.25, y: 1.75}
      - {x: -2.4099998, y: 1.87}
      - {x: -2.47, y: 1.87}
      - {x: -2.49, y: 1.8499999}
      - {x: -2.49, y: 1.6899999}
      - {x: -2.31, y: 1.1899999}
      - {x: -2.27, y: 1.0699999}
      - {x: -2.25, y: 0.69}
      - {x: -2.11, y: 0.25}
      - {x: -2.1299999, y: -0.45}
      - {x: -2.27, y: -0.71}
      - {x: -2.4299998, y: -0.87}
      - {x: -2.47, y: -0.93}
      - {x: -2.53, y: -1.17}
      - {x: -2.6499999, y: -1.37}
      - {x: -2.6499999, y: -1.7099999}
      - {x: -2.45, y: -1.7099999}
      - {x: -2.19, y: -1.6899999}
      - {x: -2.11, y: -1.63}
      - {x: -1.77, y: -1.11}
      - {x: -1.77, y: -0.37}
    - - {x: 1.23, y: 1.43}
      - {x: 1.23, y: 1.37}
      - {x: 1.39, y: 1.13}
      - {x: 1.75, y: 0.77}
      - {x: 2.03, y: 0.59}
      - {x: 2.07, y: 0.59}
      - {x: 2.11, y: 0.61}
      - {x: 2.11, y: 0.65}
      - {x: 1.41, y: 1.49}
      - {x: 1.29, y: 1.4699999}
--- !u!60 &60244633639000454
PolygonCollider2D:
  m_ObjectHideFlags: 1
  m_PrefabParentObject: {fileID: 0}
  m_PrefabInternal: {fileID: 100100000}
  m_GameObject: {fileID: 1301033343441024}
  m_Enabled: 1
  m_Density: 1
  m_Material: {fileID: 0}
  m_IsTrigger: 0
  m_UsedByEffector: 0
  m_UsedByComposite: 0
  m_Offset: {x: 0, y: 0}
  m_SpriteTilingProperty:
    border: {x: 0, y: 0, z: 0, w: 0}
    pivot: {x: 0.5, y: 0.5}
    oldSize: {x: 1.72, y: 1.78}
    newSize: {x: 5.26, y: 2.72}
    adaptiveTilingThreshold: 0.5
    drawMode: 0
    adaptiveTiling: 0
  m_AutoTiling: 0
  m_Points:
    m_Paths:
    - - {x: 0.88, y: 0.11}
      - {x: 0.79999995, y: 0.32999998}
      - {x: 0.26, y: 0.31}
      - {x: 0.02, y: 0.72999996}
      - {x: -0.099999994, y: 0.90999997}
      - {x: -0.64, y: 0.90999997}
      - {x: -0.85999995, y: 0.61}
      - {x: -0.85999995, y: 0.13}
      - {x: -0.71999997, y: -0.48999998}
      - {x: -0.52, y: -0.65}
      - {x: -0.08, y: -0.89}
      - {x: 0.19999999, y: -0.89}
      - {x: 0.39999998, y: -0.77}
      - {x: 0.79999995, y: -0.47}
      - {x: 0.88, y: -0.32999998}
--- !u!60 &60303959549367472
PolygonCollider2D:
  m_ObjectHideFlags: 1
  m_PrefabParentObject: {fileID: 0}
  m_PrefabInternal: {fileID: 100100000}
  m_GameObject: {fileID: 1266552513501282}
  m_Enabled: 1
  m_Density: 1
  m_Material: {fileID: 0}
  m_IsTrigger: 0
  m_UsedByEffector: 0
  m_UsedByComposite: 0
  m_Offset: {x: 0, y: 0}
  m_SpriteTilingProperty:
    border: {x: 0, y: 0, z: 0, w: 0}
    pivot: {x: 0.5, y: 0.5}
    oldSize: {x: 1.5, y: 3.42}
    newSize: {x: 5.26, y: 2.72}
    adaptiveTilingThreshold: 0.5
    drawMode: 0
    adaptiveTiling: 0
  m_AutoTiling: 0
  m_Points:
    m_Paths:
    - - {x: 0.75, y: -0.83}
      - {x: 0.66999996, y: -0.41}
      - {x: 0.65, y: 0.45}
      - {x: 0.51, y: 0.75}
      - {x: 0.47, y: 1.17}
      - {x: 0.17, y: 1.51}
      - {x: -0.26999998, y: 1.73}
      - {x: -0.35, y: 1.73}
      - {x: -0.53, y: 1.61}
      - {x: -0.63, y: 1.49}
      - {x: -0.75, y: 1.15}
      - {x: -0.75, y: 0.47}
      - {x: -0.72999996, y: 0.22999999}
      - {x: -0.61, y: 0.14999999}
      - {x: -0.55, y: 0.14999999}
      - {x: -0.42999998, y: 0.07}
      - {x: -0.42999998, y: -0.25}
      - {x: -0.29, y: -0.87}
      - {x: -0.14999999, y: -1.05}
      - {x: 0.13, y: -1.01}
      - {x: 0.25, y: -1.31}
      - {x: 0.35, y: -1.55}
      - {x: 0.45, y: -1.7099999}
      - {x: 0.61, y: -1.7099999}
      - {x: 0.75, y: -1.67}
      - {x: 0.77, y: -1.5899999}
      - {x: 0.77, y: -0.96999997}
--- !u!60 &60744800683149026
PolygonCollider2D:
  m_ObjectHideFlags: 1
  m_PrefabParentObject: {fileID: 0}
  m_PrefabInternal: {fileID: 100100000}
  m_GameObject: {fileID: 1439115662543524}
  m_Enabled: 1
  m_Density: 1
  m_Material: {fileID: 0}
  m_IsTrigger: 0
  m_UsedByEffector: 0
  m_UsedByComposite: 0
  m_Offset: {x: 0, y: 0}
  m_SpriteTilingProperty:
    border: {x: 0, y: 0, z: 0, w: 0}
    pivot: {x: 0.5, y: 0.5}
    oldSize: {x: 5.28, y: 3.26}
    newSize: {x: 5.26, y: 2.72}
    adaptiveTilingThreshold: 0.5
    drawMode: 0
    adaptiveTiling: 0
  m_AutoTiling: 0
  m_Points:
    m_Paths:
    - - {x: 2.2, y: -1.13}
      - {x: 2.04, y: -1.09}
      - {x: 2.02, y: -0.93}
      - {x: 1.88, y: -0.78999996}
      - {x: 1.48, y: -0.45}
      - {x: 1.36, y: -0.45}
      - {x: 1.3199999, y: -0.21}
      - {x: 1.1999999, y: -0.089999996}
      - {x: 0.84, y: 0.13}
      - {x: 0.48, y: 0.37}
      - {x: 0.38, y: 0.48999998}
      - {x: 0.099999994, y: 0.61}
      - {x: 0, y: 0.71}
      - {x: -0.14, y: 0.78999996}
      - {x: -0.32, y: 0.93}
      - {x: -0.5, y: 1.11}
      - {x: -0.71999997, y: 1.03}
      - {x: -0.84, y: 1.17}
      - {x: -1.04, y: 1.23}
      - {x: -1.22, y: 1.39}
      - {x: -1.56, y: 1.63}
      - {x: -1.86, y: 1.65}
      - {x: -2, y: 1.65}
      - {x: -2.3, y: 1.55}
      - {x: -2.5, y: 1.55}
      - {x: -2.6, y: 1.4699999}
      - {x: -2.6399999, y: 1.3299999}
      - {x: -2.6399999, y: 0.66999996}
      - {x: -2.6, y: 0.32999998}
      - {x: -2.56, y: 0.21}
      - {x: -2.32, y: 0.37}
      - {x: -2.04, y: 0.53}
      - {x: -1.62, y: 0.55}
      - {x: -1.3399999, y: 0.51}
      - {x: -0.97999996, y: 0.29}
      - {x: -0.22, y: -0.31}
      - {x: 0.099999994, y: -0.59}
      - {x: 0.74, y: -1.09}
      - {x: 0.94, y: -1.2099999}
      - {x: 1.3, y: -1.37}
      - {x: 1.4599999, y: -1.39}
      - {x: 2.24, y: -1.53}
      - {x: 2.3, y: -1.5899999}
      - {x: 2.5, y: -1.63}
      - {x: 2.6399999, y: -1.63}
      - {x: 2.6599998, y: -1.5899999}
      - {x: 2.6399999, y: -1.49}
      - {x: 2.32, y: -1.1899999}
--- !u!60 &60850042290811310
PolygonCollider2D:
  m_ObjectHideFlags: 1
  m_PrefabParentObject: {fileID: 0}
  m_PrefabInternal: {fileID: 100100000}
  m_GameObject: {fileID: 1003826400562846}
  m_Enabled: 1
  m_Density: 1
  m_Material: {fileID: 0}
  m_IsTrigger: 0
  m_UsedByEffector: 0
  m_UsedByComposite: 0
  m_Offset: {x: 0, y: 0}
  m_SpriteTilingProperty:
    border: {x: 0, y: 0, z: 0, w: 0}
    pivot: {x: 0.5, y: 0.5}
    oldSize: {x: 5.35, y: 5.28}
    newSize: {x: 5.26, y: 2.72}
    adaptiveTilingThreshold: 0.5
    drawMode: 0
    adaptiveTiling: 0
  m_AutoTiling: 0
  m_Points:
    m_Paths:
    - - {x: -1.76, y: -2.1399999}
      - {x: -1.68, y: -2}
      - {x: -1.6999999, y: -1.8}
      - {x: -1.6999999, y: -1.3}
      - {x: -1.64, y: -0.62}
      - {x: -1.5, y: 0.04}
      - {x: -1.5, y: 0.17999999}
      - {x: -1.56, y: 0.35999998}
      - {x: -1.56, y: 0.79999995}
      - {x: -1.52, y: 1.3}
      - {x: -1.52, y: 1.68}
      - {x: -1.66, y: 1.9599999}
      - {x: -1.86, y: 2.1399999}
      - {x: -2.12, y: 2.1399999}
      - {x: -2.22, y: 2.12}
      - {x: -2.44, y: 1.88}
      - {x: -2.58, y: 1.54}
      - {x: -2.52, y: 1.1}
      - {x: -2.18, y: 0.17999999}
      - {x: -2.1599998, y: -0.26}
      - {x: -2.02, y: -0.45999998}
      - {x: -2.06, y: -1.4}
      - {x: -2.34, y: -1.78}
      - {x: -2.6, y: -2.28}
      - {x: -2.62, y: -2.4199998}
      - {x: -2.62, y: -2.58}
      - {x: -2.6, y: -2.62}
      - {x: -2.18, y: -2.62}
      - {x: -2.02, y: -2.56}
      - {x: -1.92, y: -2.5}
      - {x: -1.8199999, y: -2.26}
    - - {x: 2.18, y: -2.18}
      - {x: 2.24, y: -2.02}
      - {x: 2.3799999, y: -1.9399999}
      - {x: 2.5, y: -0.85999995}
      - {x: 2.6599998, y: -0.53999996}
      - {x: 2.6799998, y: -0.35999998}
      - {x: 2.6799998, y: -0.16}
      - {x: 2.3999999, y: 0.39999998}
      - {x: 2.34, y: 0.7}
      - {x: 2.3999999, y: 1.04}
      - {x: 2.5, y: 1.26}
      - {x: 2.62, y: 1.8199999}
      - {x: 2.6, y: 2.12}
      - {x: 2.48, y: 2.34}
      - {x: 2.3, y: 2.52}
      - {x: 2.12, y: 2.6}
      - {x: 1.9399999, y: 2.6599998}
      - {x: 1.56, y: 2.6599998}
      - {x: 1.38, y: 2.6}
      - {x: 1.12, y: 2.34}
      - {x: 0.94, y: 2}
      - {x: 0.82, y: 1.5799999}
      - {x: 0.82, y: 1.14}
      - {x: 0.84, y: 1.04}
      - {x: 1.02, y: 0.76}
      - {x: 1.36, y: 0.34}
      - {x: 1.64, y: 0.08}
      - {x: 1.86, y: -0.099999994}
      - {x: 2.02, y: -0.19999999}
      - {x: 2.1, y: -0.59999996}
      - {x: 1.9399999, y: -1.3199999}
      - {x: 1.8, y: -1.8}
      - {x: 1.5999999, y: -1.9399999}
      - {x: 1.48, y: -2.1599998}
      - {x: 1.4, y: -2.34}
      - {x: 1.4, y: -2.52}
      - {x: 1.4399999, y: -2.56}
      - {x: 1.7199999, y: -2.56}
      - {x: 1.8399999, y: -2.54}
      - {x: 2, y: -2.5}
      - {x: 2.1, y: -2.44}
--- !u!60 &60876954731556854
PolygonCollider2D:
  m_ObjectHideFlags: 1
  m_PrefabParentObject: {fileID: 0}
  m_PrefabInternal: {fileID: 100100000}
  m_GameObject: {fileID: 1980246448266252}
  m_Enabled: 1
  m_Density: 1
  m_Material: {fileID: 0}
  m_IsTrigger: 0
  m_UsedByEffector: 0
  m_UsedByComposite: 0
  m_Offset: {x: 0, y: 0}
  m_SpriteTilingProperty:
    border: {x: 0, y: 0, z: 0, w: 0}
    pivot: {x: 0.5, y: 0.5}
    oldSize: {x: 0.34, y: 2.38}
    newSize: {x: 5.26, y: 2.72}
    adaptiveTilingThreshold: 0.5
    drawMode: 0
    adaptiveTiling: 0
  m_AutoTiling: 0
  m_Points:
    m_Paths:
    - - {x: 0.049999997, y: 1.17}
      - {x: -0.03, y: 1.17}
      - {x: -0.049999997, y: 1.15}
      - {x: -0.11, y: 0.98999995}
      - {x: -0.17, y: 0.65}
      - {x: -0.17, y: -0.69}
      - {x: -0.01, y: -1.1899999}
      - {x: 0.19, y: -1.1899999}
      - {x: 0.19, y: 0.03}
      - {x: 0.17, y: 0.90999997}
--- !u!114 &114088834951691874
MonoBehaviour:
  m_ObjectHideFlags: 1
  m_PrefabParentObject: {fileID: 0}
  m_PrefabInternal: {fileID: 100100000}
  m_GameObject: {fileID: 1980246448266252}
  m_Enabled: 1
  m_EditorHideFlags: 0
  m_Script: {fileID: 11500000, guid: fb4eb5826daa92546a0ecb2f7b7da09b, type: 3}
  m_Name: 
  m_EditorClassIdentifier: 
  hexcode: 
--- !u!114 &114102458683577458
MonoBehaviour:
  m_ObjectHideFlags: 1
  m_PrefabParentObject: {fileID: 0}
  m_PrefabInternal: {fileID: 100100000}
  m_GameObject: {fileID: 1439115662543524}
  m_Enabled: 1
  m_EditorHideFlags: 0
  m_Script: {fileID: 11500000, guid: fb4eb5826daa92546a0ecb2f7b7da09b, type: 3}
  m_Name: 
  m_EditorClassIdentifier: 
  hexcode: 
--- !u!114 &114264351057006670
MonoBehaviour:
  m_ObjectHideFlags: 1
  m_PrefabParentObject: {fileID: 0}
  m_PrefabInternal: {fileID: 100100000}
  m_GameObject: {fileID: 1695381002629408}
  m_Enabled: 1
  m_EditorHideFlags: 0
  m_Script: {fileID: 11500000, guid: fb4eb5826daa92546a0ecb2f7b7da09b, type: 3}
  m_Name: 
  m_EditorClassIdentifier: 
  hexcode: 
--- !u!114 &114324395507258778
MonoBehaviour:
  m_ObjectHideFlags: 1
  m_PrefabParentObject: {fileID: 0}
  m_PrefabInternal: {fileID: 100100000}
  m_GameObject: {fileID: 1545734429836992}
  m_Enabled: 1
  m_EditorHideFlags: 0
  m_Script: {fileID: 11500000, guid: fb4eb5826daa92546a0ecb2f7b7da09b, type: 3}
  m_Name: 
  m_EditorClassIdentifier: 
  hexcode: 
--- !u!114 &114336246234157320
MonoBehaviour:
  m_ObjectHideFlags: 1
  m_PrefabParentObject: {fileID: 0}
  m_PrefabInternal: {fileID: 100100000}
  m_GameObject: {fileID: 1003826400562846}
  m_Enabled: 1
  m_EditorHideFlags: 0
  m_Script: {fileID: 11500000, guid: fb4eb5826daa92546a0ecb2f7b7da09b, type: 3}
  m_Name: 
  m_EditorClassIdentifier: 
  hexcode: 
--- !u!114 &114342421333567960
MonoBehaviour:
  m_ObjectHideFlags: 1
  m_PrefabParentObject: {fileID: 0}
  m_PrefabInternal: {fileID: 100100000}
  m_GameObject: {fileID: 1226135622123658}
  m_Enabled: 1
  m_EditorHideFlags: 0
  m_Script: {fileID: 11500000, guid: fb4eb5826daa92546a0ecb2f7b7da09b, type: 3}
  m_Name: 
  m_EditorClassIdentifier: 
  hexcode: 
--- !u!114 &114498430076798824
MonoBehaviour:
  m_ObjectHideFlags: 1
  m_PrefabParentObject: {fileID: 0}
  m_PrefabInternal: {fileID: 100100000}
  m_GameObject: {fileID: 1266552513501282}
  m_Enabled: 1
  m_EditorHideFlags: 0
  m_Script: {fileID: 11500000, guid: fb4eb5826daa92546a0ecb2f7b7da09b, type: 3}
  m_Name: 
  m_EditorClassIdentifier: 
  hexcode: 
--- !u!114 &114654555966435278
MonoBehaviour:
  m_ObjectHideFlags: 1
  m_PrefabParentObject: {fileID: 0}
  m_PrefabInternal: {fileID: 100100000}
  m_GameObject: {fileID: 1054835269274168}
  m_Enabled: 1
  m_EditorHideFlags: 0
  m_Script: {fileID: 11500000, guid: fb4eb5826daa92546a0ecb2f7b7da09b, type: 3}
  m_Name: 
  m_EditorClassIdentifier: 
  hexcode: 
--- !u!114 &114680613843553672
MonoBehaviour:
  m_ObjectHideFlags: 1
  m_PrefabParentObject: {fileID: 0}
  m_PrefabInternal: {fileID: 100100000}
  m_GameObject: {fileID: 1263316163549876}
  m_Enabled: 1
  m_EditorHideFlags: 0
  m_Script: {fileID: 11500000, guid: fb4eb5826daa92546a0ecb2f7b7da09b, type: 3}
  m_Name: 
  m_EditorClassIdentifier: 
  hexcode: 
--- !u!114 &114739776891478998
MonoBehaviour:
  m_ObjectHideFlags: 1
  m_PrefabParentObject: {fileID: 0}
  m_PrefabInternal: {fileID: 100100000}
  m_GameObject: {fileID: 1301033343441024}
  m_Enabled: 1
  m_EditorHideFlags: 0
  m_Script: {fileID: 11500000, guid: fb4eb5826daa92546a0ecb2f7b7da09b, type: 3}
  m_Name: 
  m_EditorClassIdentifier: 
  hexcode: 
--- !u!114 &114793537467299070
MonoBehaviour:
  m_ObjectHideFlags: 1
  m_PrefabParentObject: {fileID: 0}
  m_PrefabInternal: {fileID: 100100000}
  m_GameObject: {fileID: 1314969604169886}
  m_Enabled: 1
  m_EditorHideFlags: 0
  m_Script: {fileID: 11500000, guid: fb4eb5826daa92546a0ecb2f7b7da09b, type: 3}
  m_Name: 
  m_EditorClassIdentifier: 
  hexcode: 
--- !u!114 &114801988961870380
MonoBehaviour:
  m_ObjectHideFlags: 1
  m_PrefabParentObject: {fileID: 0}
  m_PrefabInternal: {fileID: 100100000}
  m_GameObject: {fileID: 1368634119077198}
  m_Enabled: 1
  m_EditorHideFlags: 0
  m_Script: {fileID: 11500000, guid: fb4eb5826daa92546a0ecb2f7b7da09b, type: 3}
  m_Name: 
  m_EditorClassIdentifier: 
  hexcode: 
--- !u!212 &212074600434412996
SpriteRenderer:
  m_ObjectHideFlags: 1
  m_PrefabParentObject: {fileID: 0}
  m_PrefabInternal: {fileID: 100100000}
  m_GameObject: {fileID: 1980246448266252}
  m_Enabled: 1
  m_CastShadows: 0
  m_ReceiveShadows: 0
  m_DynamicOccludee: 1
  m_MotionVectors: 1
  m_LightProbeUsage: 1
  m_ReflectionProbeUsage: 1
  m_RenderingLayerMask: 4294967295
  m_Materials:
  - {fileID: 10754, guid: 0000000000000000f000000000000000, type: 0}
  m_StaticBatchInfo:
    firstSubMesh: 0
    subMeshCount: 0
  m_StaticBatchRoot: {fileID: 0}
  m_ProbeAnchor: {fileID: 0}
  m_LightProbeVolumeOverride: {fileID: 0}
  m_ScaleInLightmap: 1
  m_PreserveUVs: 0
  m_IgnoreNormalsForChartDetection: 0
  m_ImportantGI: 0
  m_StitchLightmapSeams: 0
  m_SelectedEditorRenderState: 0
  m_MinimumChartSize: 4
  m_AutoUVMaxDistance: 0.5
  m_AutoUVMaxAngle: 89
  m_LightmapParameters: {fileID: 0}
  m_SortingLayerID: 0
  m_SortingLayer: 0
  m_SortingOrder: 1106
  m_Sprite: {fileID: 21300170, guid: d03d22f963ed1f849968517bec8c7410, type: 3}
  m_Color: {r: 1, g: 0.8443396, b: 0.988064, a: 1}
  m_FlipX: 0
  m_FlipY: 0
  m_DrawMode: 0
  m_Size: {x: 5.26, y: 2.72}
  m_AdaptiveModeThreshold: 0.5
  m_SpriteTileMode: 0
  m_WasSpriteAssigned: 1
  m_MaskInteraction: 0
--- !u!212 &212079623450122882
SpriteRenderer:
  m_ObjectHideFlags: 1
  m_PrefabParentObject: {fileID: 0}
  m_PrefabInternal: {fileID: 100100000}
  m_GameObject: {fileID: 1054835269274168}
  m_Enabled: 1
  m_CastShadows: 0
  m_ReceiveShadows: 0
  m_DynamicOccludee: 1
  m_MotionVectors: 1
  m_LightProbeUsage: 1
  m_ReflectionProbeUsage: 1
  m_RenderingLayerMask: 4294967295
  m_Materials:
  - {fileID: 10754, guid: 0000000000000000f000000000000000, type: 0}
  m_StaticBatchInfo:
    firstSubMesh: 0
    subMeshCount: 0
  m_StaticBatchRoot: {fileID: 0}
  m_ProbeAnchor: {fileID: 0}
  m_LightProbeVolumeOverride: {fileID: 0}
  m_ScaleInLightmap: 1
  m_PreserveUVs: 0
  m_IgnoreNormalsForChartDetection: 0
  m_ImportantGI: 0
  m_StitchLightmapSeams: 0
  m_SelectedEditorRenderState: 0
  m_MinimumChartSize: 4
  m_AutoUVMaxDistance: 0.5
  m_AutoUVMaxAngle: 89
  m_LightmapParameters: {fileID: 0}
  m_SortingLayerID: 0
  m_SortingLayer: 0
  m_SortingOrder: 1107
  m_Sprite: {fileID: 21300172, guid: d03d22f963ed1f849968517bec8c7410, type: 3}
  m_Color: {r: 1, g: 1, b: 1, a: 1}
  m_FlipX: 0
  m_FlipY: 0
  m_DrawMode: 0
  m_Size: {x: 5.26, y: 2.72}
  m_AdaptiveModeThreshold: 0.5
  m_SpriteTileMode: 0
  m_WasSpriteAssigned: 1
  m_MaskInteraction: 0
--- !u!212 &212120062042987454
SpriteRenderer:
  m_ObjectHideFlags: 1
  m_PrefabParentObject: {fileID: 0}
  m_PrefabInternal: {fileID: 100100000}
  m_GameObject: {fileID: 1518248609430188}
  m_Enabled: 1
  m_CastShadows: 0
  m_ReceiveShadows: 0
  m_DynamicOccludee: 1
  m_MotionVectors: 1
  m_LightProbeUsage: 1
  m_ReflectionProbeUsage: 1
  m_RenderingLayerMask: 4294967295
  m_Materials:
  - {fileID: 10754, guid: 0000000000000000f000000000000000, type: 0}
  m_StaticBatchInfo:
    firstSubMesh: 0
    subMeshCount: 0
  m_StaticBatchRoot: {fileID: 0}
  m_ProbeAnchor: {fileID: 0}
  m_LightProbeVolumeOverride: {fileID: 0}
  m_ScaleInLightmap: 1
  m_PreserveUVs: 0
  m_IgnoreNormalsForChartDetection: 0
  m_ImportantGI: 0
  m_StitchLightmapSeams: 0
  m_SelectedEditorRenderState: 0
  m_MinimumChartSize: 4
  m_AutoUVMaxDistance: 0.5
  m_AutoUVMaxAngle: 89
  m_LightmapParameters: {fileID: 0}
  m_SortingLayerID: 0
  m_SortingLayer: 0
  m_SortingOrder: 0
  m_Sprite: {fileID: 0}
  m_Color: {r: 1, g: 1, b: 1, a: 1}
  m_FlipX: 0
  m_FlipY: 0
  m_DrawMode: 0
  m_Size: {x: 1, y: 1}
  m_AdaptiveModeThreshold: 0.5
  m_SpriteTileMode: 0
  m_WasSpriteAssigned: 0
  m_MaskInteraction: 0
--- !u!212 &212166427509423262
SpriteRenderer:
  m_ObjectHideFlags: 1
  m_PrefabParentObject: {fileID: 0}
  m_PrefabInternal: {fileID: 100100000}
  m_GameObject: {fileID: 1226135622123658}
  m_Enabled: 1
  m_CastShadows: 0
  m_ReceiveShadows: 0
  m_DynamicOccludee: 1
  m_MotionVectors: 1
  m_LightProbeUsage: 1
  m_ReflectionProbeUsage: 1
  m_RenderingLayerMask: 4294967295
  m_Materials:
  - {fileID: 10754, guid: 0000000000000000f000000000000000, type: 0}
  m_StaticBatchInfo:
    firstSubMesh: 0
    subMeshCount: 0
  m_StaticBatchRoot: {fileID: 0}
  m_ProbeAnchor: {fileID: 0}
  m_LightProbeVolumeOverride: {fileID: 0}
  m_ScaleInLightmap: 1
  m_PreserveUVs: 0
  m_IgnoreNormalsForChartDetection: 0
  m_ImportantGI: 0
  m_StitchLightmapSeams: 0
  m_SelectedEditorRenderState: 0
  m_MinimumChartSize: 4
  m_AutoUVMaxDistance: 0.5
  m_AutoUVMaxAngle: 89
  m_LightmapParameters: {fileID: 0}
  m_SortingLayerID: 0
  m_SortingLayer: 0
  m_SortingOrder: 1090
  m_Sprite: {fileID: 21300178, guid: d03d22f963ed1f849968517bec8c7410, type: 3}
  m_Color: {r: 1, g: 1, b: 1, a: 1}
  m_FlipX: 0
  m_FlipY: 0
  m_DrawMode: 0
  m_Size: {x: 5.26, y: 2.72}
  m_AdaptiveModeThreshold: 0.5
  m_SpriteTileMode: 0
  m_WasSpriteAssigned: 1
  m_MaskInteraction: 0
--- !u!212 &212169629655965886
SpriteRenderer:
  m_ObjectHideFlags: 1
  m_PrefabParentObject: {fileID: 0}
  m_PrefabInternal: {fileID: 100100000}
  m_GameObject: {fileID: 1439115662543524}
  m_Enabled: 1
  m_CastShadows: 0
  m_ReceiveShadows: 0
  m_DynamicOccludee: 1
  m_MotionVectors: 1
  m_LightProbeUsage: 1
  m_ReflectionProbeUsage: 1
  m_RenderingLayerMask: 4294967295
  m_Materials:
  - {fileID: 10754, guid: 0000000000000000f000000000000000, type: 0}
  m_StaticBatchInfo:
    firstSubMesh: 0
    subMeshCount: 0
  m_StaticBatchRoot: {fileID: 0}
  m_ProbeAnchor: {fileID: 0}
  m_LightProbeVolumeOverride: {fileID: 0}
  m_ScaleInLightmap: 1
  m_PreserveUVs: 0
  m_IgnoreNormalsForChartDetection: 0
  m_ImportantGI: 0
  m_StitchLightmapSeams: 0
  m_SelectedEditorRenderState: 0
  m_MinimumChartSize: 4
  m_AutoUVMaxDistance: 0.5
  m_AutoUVMaxAngle: 89
  m_LightmapParameters: {fileID: 0}
  m_SortingLayerID: 0
  m_SortingLayer: 0
  m_SortingOrder: 1090
  m_Sprite: {fileID: 21300150, guid: d03d22f963ed1f849968517bec8c7410, type: 3}
  m_Color: {r: 0.9923195, g: 0.6367924, b: 1, a: 1}
  m_FlipX: 0
  m_FlipY: 0
  m_DrawMode: 0
  m_Size: {x: 5.26, y: 2.72}
  m_AdaptiveModeThreshold: 0.5
  m_SpriteTileMode: 0
  m_WasSpriteAssigned: 1
  m_MaskInteraction: 0
--- !u!212 &212176910132632930
SpriteRenderer:
  m_ObjectHideFlags: 1
  m_PrefabParentObject: {fileID: 0}
  m_PrefabInternal: {fileID: 100100000}
  m_GameObject: {fileID: 1309230607959668}
  m_Enabled: 1
  m_CastShadows: 0
  m_ReceiveShadows: 0
  m_DynamicOccludee: 1
  m_MotionVectors: 1
  m_LightProbeUsage: 1
  m_ReflectionProbeUsage: 1
  m_RenderingLayerMask: 4294967295
  m_Materials:
  - {fileID: 10754, guid: 0000000000000000f000000000000000, type: 0}
  m_StaticBatchInfo:
    firstSubMesh: 0
    subMeshCount: 0
  m_StaticBatchRoot: {fileID: 0}
  m_ProbeAnchor: {fileID: 0}
  m_LightProbeVolumeOverride: {fileID: 0}
  m_ScaleInLightmap: 1
  m_PreserveUVs: 0
  m_IgnoreNormalsForChartDetection: 0
  m_ImportantGI: 0
  m_StitchLightmapSeams: 0
  m_SelectedEditorRenderState: 0
  m_MinimumChartSize: 4
  m_AutoUVMaxDistance: 0.5
  m_AutoUVMaxAngle: 89
  m_LightmapParameters: {fileID: 0}
  m_SortingLayerID: 0
  m_SortingLayer: 0
  m_SortingOrder: 1115
  m_Sprite: {fileID: 21300130, guid: d03d22f963ed1f849968517bec8c7410, type: 3}
  m_Color: {r: 1, g: 1, b: 1, a: 1}
  m_FlipX: 0
  m_FlipY: 0
  m_DrawMode: 0
  m_Size: {x: 4.15, y: 2.71}
  m_AdaptiveModeThreshold: 0.5
  m_SpriteTileMode: 0
  m_WasSpriteAssigned: 1
  m_MaskInteraction: 0
--- !u!212 &212289915981640256
SpriteRenderer:
  m_ObjectHideFlags: 1
  m_PrefabParentObject: {fileID: 0}
  m_PrefabInternal: {fileID: 100100000}
  m_GameObject: {fileID: 1301033343441024}
  m_Enabled: 1
  m_CastShadows: 0
  m_ReceiveShadows: 0
  m_DynamicOccludee: 1
  m_MotionVectors: 1
  m_LightProbeUsage: 1
  m_ReflectionProbeUsage: 1
  m_RenderingLayerMask: 4294967295
  m_Materials:
  - {fileID: 10754, guid: 0000000000000000f000000000000000, type: 0}
  m_StaticBatchInfo:
    firstSubMesh: 0
    subMeshCount: 0
  m_StaticBatchRoot: {fileID: 0}
  m_ProbeAnchor: {fileID: 0}
  m_LightProbeVolumeOverride: {fileID: 0}
  m_ScaleInLightmap: 1
  m_PreserveUVs: 0
  m_IgnoreNormalsForChartDetection: 0
  m_ImportantGI: 0
  m_StitchLightmapSeams: 0
  m_SelectedEditorRenderState: 0
  m_MinimumChartSize: 4
  m_AutoUVMaxDistance: 0.5
  m_AutoUVMaxAngle: 89
  m_LightmapParameters: {fileID: 0}
  m_SortingLayerID: 0
  m_SortingLayer: 0
  m_SortingOrder: 1090
  m_Sprite: {fileID: 21300166, guid: d03d22f963ed1f849968517bec8c7410, type: 3}
  m_Color: {r: 1, g: 0.8443396, b: 0.988064, a: 1}
  m_FlipX: 0
  m_FlipY: 0
  m_DrawMode: 0
  m_Size: {x: 5.26, y: 2.72}
  m_AdaptiveModeThreshold: 0.5
  m_SpriteTileMode: 0
  m_WasSpriteAssigned: 1
  m_MaskInteraction: 0
--- !u!212 &212400115826194826
SpriteRenderer:
  m_ObjectHideFlags: 1
  m_PrefabParentObject: {fileID: 0}
  m_PrefabInternal: {fileID: 100100000}
  m_GameObject: {fileID: 1476279030898224}
  m_Enabled: 1
  m_CastShadows: 0
  m_ReceiveShadows: 0
  m_DynamicOccludee: 1
  m_MotionVectors: 1
  m_LightProbeUsage: 1
  m_ReflectionProbeUsage: 1
  m_RenderingLayerMask: 4294967295
  m_Materials:
  - {fileID: 10754, guid: 0000000000000000f000000000000000, type: 0}
  m_StaticBatchInfo:
    firstSubMesh: 0
    subMeshCount: 0
  m_StaticBatchRoot: {fileID: 0}
  m_ProbeAnchor: {fileID: 0}
  m_LightProbeVolumeOverride: {fileID: 0}
  m_ScaleInLightmap: 1
  m_PreserveUVs: 0
  m_IgnoreNormalsForChartDetection: 0
  m_ImportantGI: 0
  m_StitchLightmapSeams: 0
  m_SelectedEditorRenderState: 0
  m_MinimumChartSize: 4
  m_AutoUVMaxDistance: 0.5
  m_AutoUVMaxAngle: 89
  m_LightmapParameters: {fileID: 0}
  m_SortingLayerID: 0
  m_SortingLayer: 0
  m_SortingOrder: 0
  m_Sprite: {fileID: 0}
  m_Color: {r: 1, g: 1, b: 1, a: 1}
  m_FlipX: 0
  m_FlipY: 0
  m_DrawMode: 0
  m_Size: {x: 1, y: 1}
  m_AdaptiveModeThreshold: 0.5
  m_SpriteTileMode: 0
  m_WasSpriteAssigned: 0
  m_MaskInteraction: 0
--- !u!212 &212442602105775808
SpriteRenderer:
  m_ObjectHideFlags: 1
  m_PrefabParentObject: {fileID: 0}
  m_PrefabInternal: {fileID: 100100000}
  m_GameObject: {fileID: 1266552513501282}
  m_Enabled: 1
  m_CastShadows: 0
  m_ReceiveShadows: 0
  m_DynamicOccludee: 1
  m_MotionVectors: 1
  m_LightProbeUsage: 1
  m_ReflectionProbeUsage: 1
  m_RenderingLayerMask: 4294967295
  m_Materials:
  - {fileID: 10754, guid: 0000000000000000f000000000000000, type: 0}
  m_StaticBatchInfo:
    firstSubMesh: 0
    subMeshCount: 0
  m_StaticBatchRoot: {fileID: 0}
  m_ProbeAnchor: {fileID: 0}
  m_LightProbeVolumeOverride: {fileID: 0}
  m_ScaleInLightmap: 1
  m_PreserveUVs: 0
  m_IgnoreNormalsForChartDetection: 0
  m_ImportantGI: 0
  m_StitchLightmapSeams: 0
  m_SelectedEditorRenderState: 0
  m_MinimumChartSize: 4
  m_AutoUVMaxDistance: 0.5
  m_AutoUVMaxAngle: 89
  m_LightmapParameters: {fileID: 0}
  m_SortingLayerID: 0
  m_SortingLayer: 0
  m_SortingOrder: 1090
  m_Sprite: {fileID: 21300176, guid: d03d22f963ed1f849968517bec8c7410, type: 3}
  m_Color: {r: 0.9921569, g: 0.63529414, b: 1, a: 1}
  m_FlipX: 0
  m_FlipY: 0
  m_DrawMode: 0
  m_Size: {x: 5.26, y: 2.72}
  m_AdaptiveModeThreshold: 0.5
  m_SpriteTileMode: 0
  m_WasSpriteAssigned: 1
  m_MaskInteraction: 0
--- !u!212 &212505960276352544
SpriteRenderer:
  m_ObjectHideFlags: 1
  m_PrefabParentObject: {fileID: 0}
  m_PrefabInternal: {fileID: 100100000}
  m_GameObject: {fileID: 1314969604169886}
  m_Enabled: 1
  m_CastShadows: 0
  m_ReceiveShadows: 0
  m_DynamicOccludee: 1
  m_MotionVectors: 1
  m_LightProbeUsage: 1
  m_ReflectionProbeUsage: 1
  m_RenderingLayerMask: 4294967295
  m_Materials:
  - {fileID: 10754, guid: 0000000000000000f000000000000000, type: 0}
  m_StaticBatchInfo:
    firstSubMesh: 0
    subMeshCount: 0
  m_StaticBatchRoot: {fileID: 0}
  m_ProbeAnchor: {fileID: 0}
  m_LightProbeVolumeOverride: {fileID: 0}
  m_ScaleInLightmap: 1
  m_PreserveUVs: 0
  m_IgnoreNormalsForChartDetection: 0
  m_ImportantGI: 0
  m_StitchLightmapSeams: 0
  m_SelectedEditorRenderState: 0
  m_MinimumChartSize: 4
  m_AutoUVMaxDistance: 0.5
  m_AutoUVMaxAngle: 89
  m_LightmapParameters: {fileID: 0}
  m_SortingLayerID: 0
  m_SortingLayer: 0
  m_SortingOrder: 1100
  m_Sprite: {fileID: 21300158, guid: d03d22f963ed1f849968517bec8c7410, type: 3}
  m_Color: {r: 1, g: 1, b: 1, a: 1}
  m_FlipX: 0
  m_FlipY: 0
  m_DrawMode: 0
  m_Size: {x: 5.26, y: 2.72}
  m_AdaptiveModeThreshold: 0.5
  m_SpriteTileMode: 0
  m_WasSpriteAssigned: 1
  m_MaskInteraction: 0
--- !u!212 &212547562800082332
SpriteRenderer:
  m_ObjectHideFlags: 1
  m_PrefabParentObject: {fileID: 0}
  m_PrefabInternal: {fileID: 100100000}
  m_GameObject: {fileID: 1368634119077198}
  m_Enabled: 1
  m_CastShadows: 0
  m_ReceiveShadows: 0
  m_DynamicOccludee: 1
  m_MotionVectors: 1
  m_LightProbeUsage: 1
  m_ReflectionProbeUsage: 1
  m_RenderingLayerMask: 4294967295
  m_Materials:
  - {fileID: 10754, guid: 0000000000000000f000000000000000, type: 0}
  m_StaticBatchInfo:
    firstSubMesh: 0
    subMeshCount: 0
  m_StaticBatchRoot: {fileID: 0}
  m_ProbeAnchor: {fileID: 0}
  m_LightProbeVolumeOverride: {fileID: 0}
  m_ScaleInLightmap: 1
  m_PreserveUVs: 0
  m_IgnoreNormalsForChartDetection: 0
  m_ImportantGI: 0
  m_StitchLightmapSeams: 0
  m_SelectedEditorRenderState: 0
  m_MinimumChartSize: 4
  m_AutoUVMaxDistance: 0.5
  m_AutoUVMaxAngle: 89
  m_LightmapParameters: {fileID: 0}
  m_SortingLayerID: 0
  m_SortingLayer: 0
  m_SortingOrder: 1090
  m_Sprite: {fileID: 21300138, guid: d03d22f963ed1f849968517bec8c7410, type: 3}
  m_Color: {r: 0.8773585, g: 0.87322, b: 0.87322, a: 1}
  m_FlipX: 0
  m_FlipY: 0
  m_DrawMode: 0
  m_Size: {x: 5.26, y: 2.72}
  m_AdaptiveModeThreshold: 0.5
  m_SpriteTileMode: 0
  m_WasSpriteAssigned: 1
  m_MaskInteraction: 0
--- !u!212 &212720225285499444
SpriteRenderer:
  m_ObjectHideFlags: 1
  m_PrefabParentObject: {fileID: 0}
  m_PrefabInternal: {fileID: 100100000}
  m_GameObject: {fileID: 1003826400562846}
  m_Enabled: 1
  m_CastShadows: 0
  m_ReceiveShadows: 0
  m_DynamicOccludee: 1
  m_MotionVectors: 1
  m_LightProbeUsage: 1
  m_ReflectionProbeUsage: 1
  m_RenderingLayerMask: 4294967295
  m_Materials:
  - {fileID: 10754, guid: 0000000000000000f000000000000000, type: 0}
  m_StaticBatchInfo:
    firstSubMesh: 0
    subMeshCount: 0
  m_StaticBatchRoot: {fileID: 0}
  m_ProbeAnchor: {fileID: 0}
  m_LightProbeVolumeOverride: {fileID: 0}
  m_ScaleInLightmap: 1
  m_PreserveUVs: 0
  m_IgnoreNormalsForChartDetection: 0
  m_ImportantGI: 0
  m_StitchLightmapSeams: 0
  m_SelectedEditorRenderState: 0
  m_MinimumChartSize: 4
  m_AutoUVMaxDistance: 0.5
  m_AutoUVMaxAngle: 89
  m_LightmapParameters: {fileID: 0}
  m_SortingLayerID: 0
  m_SortingLayer: 0
  m_SortingOrder: 1101
  m_Sprite: {fileID: 21300132, guid: d03d22f963ed1f849968517bec8c7410, type: 3}
  m_Color: {r: 0.9622642, g: 0.94864726, b: 0.94864726, a: 1}
  m_FlipX: 0
  m_FlipY: 0
  m_DrawMode: 0
  m_Size: {x: 5.26, y: 2.72}
  m_AdaptiveModeThreshold: 0.5
  m_SpriteTileMode: 0
  m_WasSpriteAssigned: 1
  m_MaskInteraction: 0
--- !u!212 &212733317715682738
SpriteRenderer:
  m_ObjectHideFlags: 1
  m_PrefabParentObject: {fileID: 0}
  m_PrefabInternal: {fileID: 100100000}
  m_GameObject: {fileID: 1545734429836992}
  m_Enabled: 1
  m_CastShadows: 0
  m_ReceiveShadows: 0
  m_DynamicOccludee: 1
  m_MotionVectors: 1
  m_LightProbeUsage: 1
  m_ReflectionProbeUsage: 1
  m_RenderingLayerMask: 4294967295
  m_Materials:
  - {fileID: 10754, guid: 0000000000000000f000000000000000, type: 0}
  m_StaticBatchInfo:
    firstSubMesh: 0
    subMeshCount: 0
  m_StaticBatchRoot: {fileID: 0}
  m_ProbeAnchor: {fileID: 0}
  m_LightProbeVolumeOverride: {fileID: 0}
  m_ScaleInLightmap: 1
  m_PreserveUVs: 0
  m_IgnoreNormalsForChartDetection: 0
  m_ImportantGI: 0
  m_StitchLightmapSeams: 0
  m_SelectedEditorRenderState: 0
  m_MinimumChartSize: 4
  m_AutoUVMaxDistance: 0.5
  m_AutoUVMaxAngle: 89
  m_LightmapParameters: {fileID: 0}
  m_SortingLayerID: 0
  m_SortingLayer: 0
  m_SortingOrder: 1104
  m_Sprite: {fileID: 21300174, guid: d03d22f963ed1f849968517bec8c7410, type: 3}
  m_Color: {r: 1, g: 1, b: 1, a: 1}
  m_FlipX: 0
  m_FlipY: 0
  m_DrawMode: 0
  m_Size: {x: 5.26, y: 2.72}
  m_AdaptiveModeThreshold: 0.5
  m_SpriteTileMode: 0
  m_WasSpriteAssigned: 1
  m_MaskInteraction: 0
--- !u!212 &212845860183572426
SpriteRenderer:
  m_ObjectHideFlags: 1
  m_PrefabParentObject: {fileID: 0}
  m_PrefabInternal: {fileID: 100100000}
  m_GameObject: {fileID: 1263316163549876}
  m_Enabled: 1
  m_CastShadows: 0
  m_ReceiveShadows: 0
  m_DynamicOccludee: 1
  m_MotionVectors: 1
  m_LightProbeUsage: 1
  m_ReflectionProbeUsage: 1
  m_RenderingLayerMask: 4294967295
  m_Materials:
  - {fileID: 10754, guid: 0000000000000000f000000000000000, type: 0}
  m_StaticBatchInfo:
    firstSubMesh: 0
    subMeshCount: 0
  m_StaticBatchRoot: {fileID: 0}
  m_ProbeAnchor: {fileID: 0}
  m_LightProbeVolumeOverride: {fileID: 0}
  m_ScaleInLightmap: 1
  m_PreserveUVs: 0
  m_IgnoreNormalsForChartDetection: 0
  m_ImportantGI: 0
  m_StitchLightmapSeams: 0
  m_SelectedEditorRenderState: 0
  m_MinimumChartSize: 4
  m_AutoUVMaxDistance: 0.5
  m_AutoUVMaxAngle: 89
  m_LightmapParameters: {fileID: 0}
  m_SortingLayerID: 0
  m_SortingLayer: 0
  m_SortingOrder: 1089
  m_Sprite: {fileID: 21300168, guid: d03d22f963ed1f849968517bec8c7410, type: 3}
  m_Color: {r: 1, g: 1, b: 1, a: 1}
  m_FlipX: 0
  m_FlipY: 0
  m_DrawMode: 0
  m_Size: {x: 5.26, y: 2.72}
  m_AdaptiveModeThreshold: 0.5
  m_SpriteTileMode: 0
  m_WasSpriteAssigned: 1
  m_MaskInteraction: 0
--- !u!212 &212957596681659602
SpriteRenderer:
  m_ObjectHideFlags: 1
  m_PrefabParentObject: {fileID: 0}
  m_PrefabInternal: {fileID: 100100000}
  m_GameObject: {fileID: 1695381002629408}
  m_Enabled: 1
  m_CastShadows: 0
  m_ReceiveShadows: 0
  m_DynamicOccludee: 1
  m_MotionVectors: 1
  m_LightProbeUsage: 1
  m_ReflectionProbeUsage: 1
  m_RenderingLayerMask: 4294967295
  m_Materials:
  - {fileID: 10754, guid: 0000000000000000f000000000000000, type: 0}
  m_StaticBatchInfo:
    firstSubMesh: 0
    subMeshCount: 0
  m_StaticBatchRoot: {fileID: 0}
  m_ProbeAnchor: {fileID: 0}
  m_LightProbeVolumeOverride: {fileID: 0}
  m_ScaleInLightmap: 1
  m_PreserveUVs: 0
  m_IgnoreNormalsForChartDetection: 0
  m_ImportantGI: 0
  m_StitchLightmapSeams: 0
  m_SelectedEditorRenderState: 0
  m_MinimumChartSize: 4
  m_AutoUVMaxDistance: 0.5
  m_AutoUVMaxAngle: 89
  m_LightmapParameters: {fileID: 0}
  m_SortingLayerID: 0
  m_SortingLayer: 0
  m_SortingOrder: 1105
  m_Sprite: {fileID: 21300148, guid: d03d22f963ed1f849968517bec8c7410, type: 3}
  m_Color: {r: 0.13679248, g: 0.78807795, b: 1, a: 1}
  m_FlipX: 0
  m_FlipY: 0
  m_DrawMode: 0
  m_Size: {x: 5.26, y: 2.72}
  m_AdaptiveModeThreshold: 0.5
  m_SpriteTileMode: 0
  m_WasSpriteAssigned: 1
  m_MaskInteraction: 0
--- !u!212 &212984476136679050
SpriteRenderer:
  m_ObjectHideFlags: 1
  m_PrefabParentObject: {fileID: 0}
  m_PrefabInternal: {fileID: 100100000}
  m_GameObject: {fileID: 1252871646684648}
  m_Enabled: 1
  m_CastShadows: 0
  m_ReceiveShadows: 0
  m_DynamicOccludee: 1
  m_MotionVectors: 1
  m_LightProbeUsage: 1
  m_ReflectionProbeUsage: 1
  m_RenderingLayerMask: 4294967295
  m_Materials:
  - {fileID: 10754, guid: 0000000000000000f000000000000000, type: 0}
  m_StaticBatchInfo:
    firstSubMesh: 0
    subMeshCount: 0
  m_StaticBatchRoot: {fileID: 0}
  m_ProbeAnchor: {fileID: 0}
  m_LightProbeVolumeOverride: {fileID: 0}
  m_ScaleInLightmap: 1
  m_PreserveUVs: 0
  m_IgnoreNormalsForChartDetection: 0
  m_ImportantGI: 0
  m_StitchLightmapSeams: 0
  m_SelectedEditorRenderState: 0
  m_MinimumChartSize: 4
  m_AutoUVMaxDistance: 0.5
  m_AutoUVMaxAngle: 89
  m_LightmapParameters: {fileID: 0}
  m_SortingLayerID: 0
  m_SortingLayer: 0
  m_SortingOrder: 0
  m_Sprite: {fileID: 0}
  m_Color: {r: 1, g: 1, b: 1, a: 1}
  m_FlipX: 0
  m_FlipY: 0
  m_DrawMode: 0
  m_Size: {x: 1, y: 1}
  m_AdaptiveModeThreshold: 0.5
  m_SpriteTileMode: 0
  m_WasSpriteAssigned: 0
  m_MaskInteraction: 0
